2760 4680
210 318 250 379 28

210 492 306 570 pocta
317 485 469 569 scriptum
480 504 552 550 esse
568 484 789 567 conjiciamus,
804 503 939 567 cumque
953 484 1169 569 ,praetexite“
1185 484 1307 568 ineptum
1329 558 1333 565 ¹
1364 490 1375 575 J

210 608 281 654 osse
303 608 401 672 supra
424 588 676 653 demonstratum
698 588 753 670 sit,
784 587 847 652 duo
870 587 932 652 huc
950 586 1111 671 pertinent
1133 585 1306 665 ,contexite⁸
1367 671 1374 679 ι

210 699 242 755 ct
256 691 439 774 ,detexite“,
461 710 479 755 e
496 690 611 773 quibus
626 689 707 754 illud
722 691 787 754 vim
804 688 1065 754 comminiscendi
1087 688 1147 753 hoc
1162 688 1225 753 vim
1245 706 1309 752 con·
1360 700 1373 783 s

208 793 319 876 plendi
341 792 448 858 habet.
492 792 572 857 Cum
594 799 703 857 tamen
732 792 765 855 in
790 811 884 857 versu
907 794 947 855 32
980 811 1044 855 non
1074 797 1143 855 tam
1176 790 1216 856 de
1244 808 1309 855 oon

209 895 336 979 plendis
367 896 429 960 viis
459 896 570 960 mortis
601 915 699 977 quam
737 894 777 960 de
808 895 965 978 augendis
1002 899 1135 977 agatur,
1172 891 1309 959 contexite
1367 884 1374 915 ⁰

209 997 357 1081 praefero
382 998 467 1080 quod
490 997 751 1063 comminiscendi
780 997 867 1061 notio
889 997 978 1062 illam
1010 994 1154 1079 augendi
1176 992 1310 1078 significa
1363 1012 1367 1018 ’

209 1100 327 1166 tionem
347 1119 408 1184 per
430 1119 464 1165 se
487 1100 636 1166 continet.
679 1099 924 1165 Emendandum
946 1098 1043 1182 igitur
1065 1116 1196 1164 censeo:
1318 1184 1323 1189 Ι
1360 1082 1374 1185 „¹

412 1204 457 1268 ite
479 1209 565 1268 rates
588 1221 704 1268 curvae
727 1208 758 1266 et
780 1201 836 1267 leti
859 1201 1016 1267 contexite
1039 1219 1166 1266 causas.
1360 1190 1368 1221 ¹

284 1305 451 1371 Facillime
474 1311 582 1370 autem
605 1304 672 1370 fieri
686 1305 797 1389 potuit,
820 1323 891 1369 curn
907 1302 1096 1381 ,contexite“
1111 1321 1170 1387 per
1185 1316 1310 1385 compen

210 1408 297 1472 dium
326 1408 476 1491 scriptum
505 1412 604 1489 esset,
634 1413 668 1470 ut
698 1405 896 1491 praepositio
928 1428 986 1472 coa
1015 1405 1228 1488 omitteretur,
1260 1417 1311 1485 qua
1364 1394 1373 1505 ξ

209 1510 250 1575 de
272 1530 307 1575 re
328 1509 408 1573 nihil
430 1509 558 1593 addam,
581 1530 651 1574 cum
668 1510 826 1594 permulta
843 1508 913 1590 ejus
928 1507 1056 1591 generis
1071 1507 1153 1572 vitia
1167 1506 1201 1571 in
1215 1501 1312 1571 nostrh
1366 1508 1373 1591 ζ

208 1611 299 1675 libris
321 1613 548 1697 manuscriptis
571 1617 688 1678 extent.

294 1715 387 1779 Nune
409 1715 450 1778 ad
473 1722 578 1780 cetera
606 1715 692 1780 tertii
721 1714 893 1796 quartique
924 1713 997 1778 libri
1025 1712 1176 1797 exempla
1199 1706 1313 1775 acreda
1368 1710 1373 1794 s

210 1836 288 1880 mus.
332 1816 454 1900 Incipio
477 1817 534 1882 ab:
1288 1810 1291 1815 ’

648 1903 704 1986 111,
731 1904 892 1985 1,1—12.

311 2003 377 2068 Sed
399 2010 524 2087 tempus
546 2004 684 2070 lustrare
706 2004 779 2070 aliis
801 2002 957 2070 Helicona
979 2001 1103 2067 choreis

412 2111 444 2171 et
466 2125 615 2191 campum
637 2105 788 2173 Emathio
804 2105 876 2190 jam
899 2105 978 2170 dare
998 2110 1127 2188 tempus
1148 2123 1254 2186 equo,

311 2208 386 2272 Jam
408 2208 485 2274 libet
507 2216 539 2274 et
560 2210 658 2276 fortes
678 2229 856 2276 memorare
878 2208 921 2273 ad
943 2208 1066 2292 proelia
1088 2212 1214 2272 turmas

412 2318 444 2375 et
465 2312 614 2377 Romana
636 2313 699 2377 mei
721 2311 829 2377 dicere
852 2318 957 2377 castra
978 2310 1078 2375 ducis.

311 2410 431 2488 Quodsi
455 2413 605 2479 deficiant
627 2414 712 2480 vires
735 2413 874 2479 audacia
897 2419 981 2478 certe

413 2517 501 2581 Laus
523 2515 594 2581 erit:
616 2516 650 2580 in
672 2516 800 2598 magnis
822 2522 854 2581 et
876 2515 1016 2581 voluisse
1037 2519 1090 2580 sat
1112 2519 1170 2579 est

312 2617 411 2682 Aetas
432 2618 538 2701 prima
560 2625 656 2683 canat
678 2619 819 2684 Veneres
841 2625 985 2685 extrema
1007 2616 1172 2699 tumultus,

413 2719 499 2785 bella
521 2739 636 2785 canam
660 2721 789 2803 quando
812 2722 931 2806 scripta
952 2720 1061 2805 puella
1082 2724 1195 2784 meast

312 2822 404 2886 Nunc
426 2824 498 2888 volo
521 2823 675 2889 subducto
697 2825 826 2908 gravior
848 2824 1020 2908 procedere
1043 2822 1134 2887 vultu

411 2946 495 2991 nunc
517 2927 615 2991 aliam
638 2926 793 2991 citharam
817 2947 868 2992 me
892 2945 963 2991 mea
984 2926 1077 2990 Musa
1099 2923 1201 2991 docet.

312 3025 413 3110 Surge
435 3029 545 3094 anima
568 3049 609 3094 ex
631 3027 743 3093 humili
760 3027 832 3111 jam
855 3028 1004 3111 carmine,
1028 3026 1144 3092 sumite
1166 3027 1252 3092 vires
1364 3060 1371 3125 3

414 3130 567 3196 Pierides:
590 3131 698 3214 magni
720 3151 804 3196 nune
825 3132 886 3197 erit
908 3131 971 3195 oris
993 3150 1082 3214 opus.
1368 3136 1370 3143 '

294 3231 363 3296 Hoc
385 3252 514 3297 carmen
537 3233 656 3317 duplex
685 3233 853 3299 exordium
881 3234 959 3316 quin
990 3230 1111 3297 habeat
1133 3230 1188 3296 vix
1211 3229 1328 3295 dubito.
1366 3216 1370 3225 ’

209 3332 310 3396 Poeta
332 3333 417 3397 enim
446 3335 493 3399 ita
516 3334 679 3400 exorditur
709 3341 744 3400 ut
777 3354 812 3400 se
841 3335 885 3399 ad
915 3355 1034 3399 novum
1063 3353 1166 3417 genus
1194 3352 1329 3418 poeseos
1367 3352 1370 3357 ·

209 3453 410 3499 accessurum
433 3456 504 3502 esse
526 3437 719 3521 profiteatur.
762 3437 856 3502 Hanc
879 3437 1071 3503 sententiam
1094 3440 1247 3519 quattuor
1262 3453 1329 3500 ver·

209 3536 297 3601 sibus
326 3539 471 3621 exponit,
509 3539 623 3622 quibus
651 3540 732 3605 duos
762 3540 869 3624 addit,
906 3541 1022 3623 quibus
1052 3538 1138 3621 quod
1173 3537 1331 3603 materiae

208 3639 314 3722 impar
337 3641 378 3704 sit
399 3648 536 3707 excuset.
573 3643 775 3708 Prooemium
798 3643 858 3708 hac
880 3643 1040 3708 sententia
1063 3641 1213 3708 exomni
1237 3648 1332 3726 parte

211 3742 386 3823 perlectum
410 3749 458 3807 est
480 3749 512 3809 et
525 3752 756 3829 exspectamus
786 3750 915 3830 poetam
944 3764 1074 3810 carmon
1102 3743 1173 3827 ejus
1196 3744 1333 3828 generis,

208 3842 333 3925 dequo
356 3845 449 3910 modo
473 3847 640 3930 praefatus
661 3854 723 3932 est,
753 3847 971 3912 intonaturum
993 3865 1071 3912 ease.
1115 3844 1200 3924 Quid
1222 3852 1332 3911 autem

208 3946 241 4009 in
263 3947 380 4011 nostris
403 3948 492 4013 libris
515 3949 656 4031 legitur?
693 3949 793 4029 Quasi
815 3949 893 4014 nihil
916 3954 1001 4015 esset
1027 3948 1211 4033 prolocutus
1232 3954 1333 4033 poeta

209 4047 312 4113 denuo
334 4050 478 4134 insurgit,
501 4058 532 4117 et
555 4052 690 4118 eandem
716 4052 908 4118 sententiam
931 4051 1045 4116 eadem
1065 4048 1189 4117 ratione
1204 4050 1332 4117 duobus

210 4149 354 4216 distichis
376 4154 507 4237 repetit,
536 4171 620 4237 quae
642 4155 757 4220 iterum
780 4161 814 4218 ut
837 4174 936 4239 snpra
959 4175 1021 4219 uno
1046 4152 1182 4221 disticho
1205 4155 1330 4220 conclu·

209 4251 326 4319 duntur
355 4275 417 4338 quo
447 4254 487 4322 de
510 4254 689 4323 humilitate
722 4257 884 4342 elegiacae
913 4256 954 4322 de
986 4256 1188 4325 sublimitate
1217 4256 1330 4343 epicae
