2760 4680
1145 236 1185 312 33

23 454 27 459 ·
57 410 208 505 possunt.
249 417 335 483 Male
357 416 442 483 enim
460 416 576 500 jocosa
598 415 655 482 illa
676 416 826 481 traotatio
849 436 919 481 oum
943 414 1098 500 proximis
1121 436 1187 482 ver·
1223 486 1228 496 ,

10 576 14 597 ,
57 522 113 588 bis
137 521 293 604 quadrat,
327 520 444 602 quibus
473 526 569 604 poeta
598 540 755 584 summum
782 519 910 603 puellae
936 519 1112 603 perieulum
1135 519 1186 585 de
1218 578 1224 587 .

10 616 13 667 :
58 624 181 689 scribit
224 622 370 687 Muelleri
398 628 505 687 autem
536 620 841 706 transpositionibus
871 640 937 686 rom
967 621 1073 704 potius
1100 622 1186 686 intri-

54 726 217 792 oatiorem
239 725 307 790 fieri
329 725 357 789 si
380 725 611 790 sententiarum
634 743 750 788 nexum
782 723 857 789 inde
880 744 908 789 a.
930 743 959 790 r.
985 725 1022 786 13
1045 743 1187 808 perseru-

10 894 15 911 ..
46 828 185 894 -taberis
214 828 391 910 intelleges.
449 826 566 892 Omnia
597 827 678 892 bene
709 825 896 910 cohaerent,
935 828 962 891 si
991 845 1186 911 reponemus

58 949 91 995 v.
108 933 223 994 a-ra
249 932 382 994 ro-ao
648 914 651 918 ’

149 1031 263 1113 Neque
292 1037 401 1096 tamen
431 1031 464 1094 in
495 1050 533 1096 eo
564 1051 635 1095 oum
658 1028 871 1096 Heimreiohio
898 1031 1061 1095 consentio
1086 1030 1186 1095 etiarn

58 1153 176 1199 versus
198 1136 298 1198 5-6:

106 1251 248 1337 (vidite)
272 1253 401 1334 qualem
425 1253 593 1335 purpureis
616 1251 772 1334 agitatam
795 1251 943 1316 fluetibus
965 1253 1081 1318 Hellen

333 1374 431 1419 aurea
454 1373 550 1436 quam
574 1353 661 1418 molli
685 1359 810 1435 tergore
832 1355 920 1418 vexit
942 1355 1020 1420 ovis.

60 1474 243 1539 subditivos
266 1473 431 1539 habendos
453 1494 533 1538 esse.
570 1475 654 1538 Nam
669 1473 814 1557 *primurn
838 1475 958 1557 optime
979 1474 1059 1539 illud
1078 1475 1187 1541 Helles

60 1577 246 1663 epemplum
283 1577 460 1660 perieulum
497 1577 531 1639 in
567 1595 629 1657 quo
663 1581 760 1658 poeta
800 1574 971 1659 cynthiam
1005 1583 1187 1642 versantem

59 1678 229 1761 desoribit,
256 1679 410 1760 illustrat3
440 1684 506 1741 tum
530 1677 586 1742 illa
607 1677 717 1741 Helles
739 1677 858 1741 mentio
881 1677 980 1741 etiam
1004 1679 1187 1744 neeessaria
1281 1748 1285 1755 ,

59 1787 120 1863 est,
143 1787 177 1844 ut
200 1781 366 1862 sequentia
389 1780 503 1844 verba:

167 1917 265 1980 quam
288 1899 378 1962 timui
401 1916 441 1961 ne
464 1897 545 1960 sorte
567 1901 657 1960 tuum
680 1915 769 1961 mare
792 1916 908 1962 nomen
930 1895 1071 1982 haberet,

218 2006 316 2082 atque
339 2007 395 2064 tua
417 1999 531 2064 labens
554 1998 666 2063 navita
689 1997 779 2063 fleret
801 2000 898 2080 aqua!

60 2120 206 2185 habeant
229 2141 291 2202 quo
314 2119 501 2184 referantur.
545 2117 695 2182 Conexus
725 2118 954 2183 sententiarum
984 2119 1081 2202 plane
1103 2128 1188 2185 esset

60 2223 260 2305 interruptus
290 2223 317 2285 si
347 2222 419 2285 illos
449 2239 561 2284 versus
590 2220 761 2284 omitteres.
810 2220 973 2302 „Numen“
996 2240 1071 2285 vero
1101 2222 1188 2304 quod

61 2323 300 2389 Heimreiohius
324 2324 357 2408 (l.
378 2343 401 2388 s.
421 2320 461 2405 a.)
484 2328 519 2384 ut
548 2319 695 2385 haerenti
722 2321 856 2386 oonexui
886 2323 1084 2406 subveniret,
1114 2323 1187 2388 sori-

62 2425 204 2491 bendum
226 2445 296 2491 esse
319 2423 469 2507 eonjeoit‚
492 2423 534 2488 ab
557 2422 617 2487 hoo
638 2423 708 2486 loeo
731 2423 871 2487 alienum
893 2443 965 2489 esse
981 2424 1054 2508 jam
1076 2431 1187 2508 penta-

62 2535 165 2593 meter
187 2527 334 2609 ejusdem
356 2525 484 2590 distiohi
508 2526 714 2590 demonstrat.
751 2525 849 2590 Nulla
872 2527 957 2591 enim
980 2546 1079 2592 oausa
1102 2534 1187 2592 sset

62 2650 120 2694 our
142 2629 253 2693 navita
273 2637 374 2709 fleret,
403 2629 430 2691 si
453 2627 594 2712 Cynthia
617 2647 735 2692 numen
757 2629 844 2692 illius
866 2628 964 2693 maris
987 2635 1071 2694 esset
1092 2629 1187 2695 satta.

63 2729 187 2808 Quibus
209 2730 250 2794 de
273 2731 379 2793 oausis
402 2729 552 2811 equidem
568 2729 641 2794 illos
656 2750 768 2794 versus
783 2728 895 2816 (5-6)
918 2730 1094 2796 servandos
1116 2751 1187 2796 esse

63 2852 188 2898 oeuseo.
221 2832 390 2914 Singulare
412 2831 491 2895 illud
514 2852 652 2915 graesae
675 2833 878 2897 attraotionis
901 2833 1097 2916 exemplum:
1119 2832 1187 2897 vidi

62 2942 96 3000 te
119 2935 247 3016 qualem
264 2934 378 2999 Hellen
401 2954 472 3018 pro:
497 2933 602 3016 qualis
624 2940 694 2998 erat
709 2933 800 2998 Helle
823 2955 879 2998 our
901 2953 921 2998 a
944 2935 1110 3018 Propertio
1133 2936 1187 3017 qui

63 3036 221 3120 imprimis
244 3036 378 3100 Graecis
401 3036 502 3099 literis
523 3035 664 3100 imbutus
686 3041 755 3100 erat
777 3034 1029 3117 abjudicandum
1052 3035 1100 3119 sit,
1123 3056 1186 3100 non

62 3139 217 3221 intellego
240 3137 302 3201 nisi
325 3138 407 3202 forte
428 3136 506 3201 nulli
528 3142 643 3221 poetae
665 3135 829 3218 singulare
852 3137 1026 3221 quidquam
1049 3138 1186 3203 tribuen-

63 3240 140 3305 dum
164 3259 235 3305 esse
257 3239 432 3305 existimas.

496 3341 554 3424 III,
577 3344 627 3424 26,
650 3343 751 3406 3-4.

219 3444 299 3509 Sunt
321 3442 410 3528 apud
432 3442 573 3508 infernos
596 3448 643 3506 tot
665 3442 755 3508 miha
777 3442 989 3507 formosarum

269 3544 403 3628 pulohra
427 3544 522 3610 sitin
546 3544 671 3628 superis
693 3544 720 3608 si
741 3543 815 3609 lioet
837 3563 902 3609 una
924 3544 1011 3611 loeis.

151 3681 285 3746 Duabus
307 3681 348 3746 de
371 3681 477 3745 oausis
498 3685 733 3764 pentametrum
756 3688 935 3764 suspeotum
952 3681 1065 3746 habuit
1079 3682 1186 3747 Heim-

65 3782 203 3847 reiohius
219 3782 355 3868 (quaest.
371 3784 464 3867 Prop.
479 3804 509 3867 p.
525 3785 564 3845 43
582 3784 671 3866 seq).
716 3783 856 3847 Primum
879 3783 965 3846 enim
987 3783 1184 3866 praepositio

69 3884 192 3968 „apud“
213 3883 273 3948 hoo
303 3905 366 3949 uno
380 3899 383 3907 ’
397 3874 467 3949 looo
496 3884 530 3949 in
553 3885 749 3950 carminibus
770 3884 926 3968 Propertii
949 3883 1073 3966 legitur.
1116 3884 1185 3947 Hos

68 4006 144 4050 oasu
178 3985 333 4050 aooidisse
365 3985 503 4052 fortasse
532 3985 693 4071 quispiam
717 3986 814 4052 dieat.
865 3984 930 4051 Sed
957 4005 999 4050 ne
1028 3985 1184 4050 aoeteris

68 4087 197 4169 quidem
228 4086 332 4172 poetis
367 4089 519 4172 elegiaois
548 4126 591 4136 -
622 4095 776 4171 quantum
808 4087 958 4168 equidem
989 4087 1184 4170 investigare

65 4188 156 4274 potui
177 4224 220 4238 -
241 4192 438 4276 praepositio
467 4193 525 4258 illa
553 4199 737 4276 usurpatur.
787 4189 871 4268 Quid
900 4191 986 4273 quod
1015 4190 1113 4255 etiam
1142 4187 1184 4253 iis

945 4312 963 4362 3
