2760 4680
130 262 152 324 6
260 286 263 291 ⁴

131 435 162 496 et
184 429 265 493 artis
288 427 417 493 criticae
439 426 638 492 exercendae
661 427 766 492 studio
788 432 909 493 tractus
932 428 1172 514 emendaverat,
1196 429 1257 494 hos

131 553 257 616 quoque
279 552 390 597 versus
412 531 578 615 Propertio
601 530 765 597 vindicare
788 531 906 614 studet,
935 551 1006 596 cum
1029 532 1075 596 ita
1097 533 1257 617 interpre-

130 642 212 702 tetur
234 633 277 722 (p.
293 635 386 718 222):
414 633 529 699 recitat
559 634 701 718 pessima
729 654 810 699 anus
832 635 865 698 in
887 635 1046 718 Propertii
1072 634 1256 700 irrisionem

129 738 202 804 illos
221 757 333 804 versus
355 744 387 802 et
408 743 614 822 praeceptum
632 737 828 820 subsequens
850 737 890 801 iis
913 736 1060 820 adjungit
1074 757 1114 802 ex
1130 757 1164 802 re
1179 737 1257 821 ipsa

130 840 342 925 desumptum.
548 909 551 913 ⁴

191 944 196 949 ’
214 943 283 1008 Hoc
304 942 413 1006 nititur
425 942 660 1026 Hertzbergius,
684 943 738 1025 qui
754 943 835 1007 utin
850 943 1007 1025 omnihua
1029 944 1083 1009 ubi
1097 943 1253 1008 librorum

130 1045 304 1112 auctoritas
327 1044 442 1129 agitur,
465 1044 511 1109 sic
526 1043 586 1109 hoc
602 1063 728 1127 quoquo
747 1046 817 1110 loco
833 1046 1042 1111 Lachmanno
1059 1047 1255 1111 adversatur

129 1149 178 1234 (in
208 1149 435 1214 commentario
465 1168 495 1231 p.
516 1148 600 1233 455).
654 1146 719 1213 Sed
750 1168 812 1212 non
843 1154 1007 1214 contentus
1037 1149 1110 1213 illos
1140 1167 1255 1214 versus

129 1252 349 1334 excusavisse,
379 1256 546 1334 tantopere
579 1268 688 1314 corum
717 1249 952 1335 pulchritudine
982 1256 1097 1336 captus
1128 1258 1188 1335 est,
1219 1257 1255 1315 ut

130 1355 224 1438 quasi
239 1373 354 1419 nervos
368 1352 465 1418 totins
488 1353 640 1417 carminis
662 1373 717 1418 eos
733 1353 882 1439 appellet,
907 1353 1167 1438 Scaligerumque
1190 1352 1255 1418 hac

129 1479 194 1522 una
215 1456 345 1521 licentia
360 1474 489 1520 cannen
504 1454 541 1539 V,
558 1459 576 1519 5
591 1455 685 1540 pejus
708 1456 926 1523 decurtarissc
941 1456 1129 1540 pronuntiet,
1152 1476 1253 1537 quam

130 1560 228 1624 ullum
264 1564 432 1643 praeterea
467 1558 613 1624 alterum.
665 1559 739 1624 Jam
775 1579 850 1625 vero
881 1560 958 1643 quid
995 1564 1105 1624 contra
1135 1557 1253 1622 Jacobi

127 1662 391 1746 Hertzbergiique
413 1663 710 1748 interpretationem
735 1663 903 1729 dicendum
927 1664 976 1747 sit,
999 1661 1207 1746 proferamus.

214 1765 356 1830 Primum
385 1765 469 1830 enim
493 1786 574 1830 anns
601 1764 675 1848 illa,
705 1766 864 1848 siqnidem
887 1765 1087 1849 Propertium
1117 1762 1253 1827 irridere

129 1867 271 1952 volebat,
301 1868 384 1933 tales
405 1886 518 1932 versus
541 1867 655 1933 afferre
677 1867 827 1949 debebat,
858 1868 974 1950 quibus
994 1873 1091 1952 poeta
1114 1865 1252 1950 pulchri-

129 1969 272 2035 tudinem
294 1970 422 2054 puellae
443 1970 608 2054 laudaret,
638 1969 719 2034 haec
742 1975 850 2035 autem
873 1971 987 2055 verba,
1016 1970 1051 2033 in
1074 1968 1188 2053 quibus
1211 1968 1253 2033 dc

129 2076 219 2136 veste
241 2070 309 2136 Coa
331 2078 362 2136 et
385 2070 424 2137 de
447 2071 568 2136 ornatis
588 2072 715 2157 capillis
738 2072 853 2156 agitur,
875 2093 1048 2155 quamnam
1071 2071 1252 2136 irrisionem

130 2173 315 2239 continent?
359 2172 464 2257 Atque
493 2172 553 2240 hoc
576 2174 705 2258 quidem
727 2175 856 2240 levioris
888 2175 1039 2240 momenti
1062 2180 1110 2239 est
1136 2180 1167 2238 et
1190 2173 1252 2238 for·

128 2281 217 2341 tasse
239 2281 417 2341 excusatur.
461 2277 525 2343 Sed
548 2278 705 2343 accedunt
722 2278 950 2361 grammaticae
972 2278 1120 2343 rationes.
1164 2277 1252 2342 Nun-

129 2398 225 2461 quam
249 2377 334 2443 enim
363 2378 430 2443 ficri
457 2385 577 2464 potest,
609 2380 690 2444 siin
719 2381 863 2446 oratione
885 2381 979 2446 lenae
1000 2387 1116 2466 poetae
1138 2399 1253 2445 versus

128 2481 316 2565 recitantur,
345 2488 379 2545 ut
401 2500 441 2546 ne
463 2481 596 2547 minima
618 2481 746 2565 quidem
769 2488 847 2548 nota
869 2483 1042 2567 indicetur,
1072 2483 1153 2548 haec
1175 2484 1251 2547 Pro-

128 2583 240 2666 pertii,
268 2583 327 2647 illa
357 2603 438 2649 anus
469 2583 567 2649 verba
595 2603 674 2650 csse.
725 2585 763 2648 Id
786 2591 892 2650 autem
921 2587 1071 2652 hocloco
1094 2585 1193 2650 multo
1215 2585 1251 2649 fit

128 2685 377 2770 intolerabiliuS,
406 2686 492 2769 quod
516 2687 673 2773 Propertii
704 2688 802 2753 verba
831 2689 944 2755 eadem
974 2689 1132 2775 particula
1154 2687 1250 2752 inter-

126 2788 275 2870 rogativa
298 2789 516 2872 adnectuntur,
540 2809 605 2872 qua
627 2810 708 2856 anus
729 2791 825 2856 modo
848 2791 881 2854 in
903 2791 1005 2875 ipsius
1021 2784 1166 2856 oratione
1189 2809 1249 2855 usa

127 2898 204 2958 crat.
248 2889 323 2954 Jam
347 2892 372 2957 si
395 2891 603 2976 interrogatio
626 2892 740 2958 eadem
762 2893 922 2978 particula
945 2893 1158 2976 continuatur,
1185 2913 1250 2957 non

127 2999 233 3078 potest
247 3013 343 3060 sensu
358 2995 487 3062 diversa
510 3014 580 3061 csse
602 2995 854 3081 apraeccdenti.
896 2997 995 3079 Atqui
1014 2996 1114 3061 verba
1138 3015 1250 3061 versus

129 3100 184 3162 54:
210 3097 306 3180 „quid
334 3097 397 3162 nisi
426 3098 526 3163 verba
548 3099 649 3165 feres“
675 3097 831 3164 rhetorice
854 3098 1048 3181 dictasunt,
1071 3118 1143 3182 pro:
1167 3096 1248 3161 nihil

127 3199 190 3264 nisi
212 3199 311 3265 verba
333 3199 424 3267 seres.
467 3200 553 3284 Ergo
570 3202 683 3267 eodem
706 3201 800 3266 modo
817 3200 985 3285 sequentia
1006 3201 1249 3285 interpretanda

127 3306 200 3366 sunt
221 3321 291 3385 pro:
313 3301 393 3368 nihil
409 3301 505 3386 juvat
527 3303 712 3389 procedere,
741 3324 803 3385 quo
826 3305 903 3387 quid
925 3303 967 3369 sit
989 3303 1171 3388 perversius
1193 3301 1248 3366 vin

126 3408 233 3488 potest
256 3403 328 3470 dici.

213 3504 320 3586 Quare
342 3507 432 3572 illam
447 3506 562 3572 Jacobi
585 3514 617 3574 et
635 3508 836 3591 Hertnbergii
858 3508 1159 3592 interpretationem,
1183 3525 1247 3590 qna

126 3608 161 3672 id
182 3628 246 3673 non
267 3610 467 3694 providetur,
496 3629 537 3675 ne
563 3616 681 3695 poetae
708 3610 807 3679 verba
834 3629 872 3675 eo
896 3631 992 3676 sensu
1013 3610 1247 3694 intellegantur,

128 3730 220 3793 quem
243 3731 302 3796 ego
326 3712 445 3778 dudum
467 3713 616 3798 exposui,
638 3713 848 3798 rejiciendam
872 3732 943 3779 esse
966 3713 1109 3778 arbitror.

211 3814 249 3878 ld
272 3814 375 3878 solnm
397 3811 524 3899 restat,
542 3820 578 3880 ut
600 3815 758 3899 quomodo
780 3815 986 3900 interpolatio
1015 3820 1085 3880 orta
1107 3815 1163 3898 sit,
1196 3834 1247 3879 ex-

126 3915 289 4000 plicemus
312 3934 377 3998 qua
398 3916 431 3981 in
453 3934 487 3983 re
509 3935 529 3981 a
553 3917 659 3983 verbis
680 3937 792 3982 versus
815 3921 870 3984 57:

373 4017 462 4084 Coae
483 4018 607 4086 dederit
629 4038 688 4085 nec
709 4039 843 4085 munera
866 4019 974 4086 vestis.

124 4118 388 4204 proficiscendum
410 4126 468 4186 cst.
511 4120 662 4187 Fortasse
684 4121 769 4187 enim
791 4123 834 4206 is,
863 4122 918 4205 qui
940 4121 1020 4188 haec
1042 4121 1142 4187 verba
1163 4122 1248 4205 lege-

126 4221 195 4306 bat,
224 4220 298 4287 illos
325 4220 484 4290 secundae
505 4223 601 4310 primi
622 4222 698 4290 libri
720 4223 844 4310 elegiae
867 4242 979 4291 versus
1001 4222 1043 4290 ad
1065 4224 1244 4308 marginem
