2760 4680
231 413 335 488 Unica
358 443 418 489 nec
440 419 523 490 desit
538 416 692 510 jocundis
714 428 820 512 gratia
843 428 950 497 verbis

233 526 341 593 omnia
366 547 513 611 quaeque
536 529 644 597 Venus
667 551 814 615 quaeque
836 534 981 601 Minerva
1002 536 1128 620 probat.

124 630 213 710 4,13
419 632 528 697 multis
551 632 647 699 decor
668 632 791 700 artibus

127 733 210 810 7,11
236 731 289 797 Me
309 731 443 798 laudent
465 740 574 800 1166166
596 735 698 799 solum
721 736 881 821 placuisse
903 739 1033 823 puellae

126 832 216 898 idem
239 833 385 917 1616111,
408 840 436 920 4,
461 841 509 902 11.

214 935 324 1014 Quare
346 938 451 1022 prima
472 959 549 1025 pars
572 940 723 1007 carminis
753 944 831 1025 quin
854 943 1014 1029 Cynthiae
1036 946 1251 1013 adscribenda

125 1039 170 1103 611
199 1057 241 1104 ex
270 1039 310 1106 iis
341 1061 425 1124 quae
455 1042 522 1107 dixi
553 1044 609 1108 vix
645 1050 753 1129 potest
781 1045 914 1111 dubium
944 1066 1024 1115 esse.
1068 1049 1156 1114 Idem
1178 1049 1251 1132 jam

127 1142 273 1209 Jaeohus
295 1144 340 1229 (p.
366 1143 439 1231 178)
470 1146 653 1230 suspicatus
674 1154 738 1230 est,
770 1149 827 1215 sed
856 1151 1048 1234 sententiam
1071 1171 1162 1217 suam
1185 1159 1252 1218 tam

126 1250 317 1312 cunctanter
337 1248 477 1332 protulit,
499 1254 535 1313 ut
556 1268 650 1314 nemo
673 1249 778 1315 adhuc
800 1250 844 1317 ad
866 1271 938 1318 eum
961 1255 1147 1337 respexerit.

143 1390 145 1398 ·
214 1349 309 1414 Nunc
335 1369 411 1416 vero
440 1349 481 1416 de
510 1351 613 1418 altera
641 1350 737 1436 hujus
767 1354 918 1419 carminis
947 1363 1056 1439 parte,
1094 1357 1252 1439 quomodo

128 1450 303 1518 cohaereat
326 1474 397 1519 cum
419 1454 626 1538 praecedenti
648 1475 756 1540 pauca
780 1456 931 1522 dicemus.

215 1554 264 1621 Ao
287 1555 529 1641 Lachmannus,
568 1576 630 1640 quo
661 1565 731 1623 erat
761 1559 903 1642 ingenio,
938 1580 1008 1624 eum
1033 1562 1167 1628 vidisset
1189 1584 1253 1627 non

127 1677 227 1740 posse
248 1656 329 1724 11666
351 1659 458 1724 omnia
481 1659 524 1725 ab
545 1679 611 1725 una
637 1680 776 1744 persona
798 1661 976 1726 continuari
998 1669 1168 1747 postquam
1191 1666 1253 1748 pri-

127 1779 218 1823 mam
241 1765 366 1844 partem
383 1760 456 1844 jam
471 1763 639 1847 Propertio
662 1762 778 1845 tribuit,
800 1781 928 1828 versum
952 1767 991 1827 23
1015 1767 1089 1830 11611
1105 1765 1254 1831 carminis

129 1861 326 1947 principium
349 1863 444 1948 16611,
475 1864 567 1947 cujus
591 1866 724 1948 elegans
740 1863 900 1948 judicium
922 1866 1148 1950 Hertabergius
1170 1875 1254 1934 16616

128 1964 304 2032 6661161616
326 1966 354 2030 61
375 1968 537 2051 1611116661,
559 1988 623 2033 11611
644 1966 705 2033 hoc
726 1975 792 2033 toto
815 1967 956 2034 carmine
979 1989 1081 2052 usque
1104 1970 1146 2034 ad
1168 1990 1197 2035 1.
1213 1973 1253 2034 25

128 2072 261 2152 poetam
290 2088 399 2134 secum
430 2071 663 2154 colloquentem
692 2071 881 2136 induxisset.
925 2071 988 2137 Sed
1010 2092 1051 2138 ne
1073 2078 1199 2157 tempus
1221 2074 1254 2137 in

127 2169 308 2236 refutandis
329 2173 431 2238 solum
461 2172 629 2238 sententiis
659 2193 863 2256 consumam,
896 2193 1052 2240 conexum
1074 2176 1179 2258 ipsum
1203 2195 1254 2241 ex-

128 2272 271 2356 pediam.

216 2377 337 2443 Versus
359 2378 445 2444 enim
468 2381 609 2443 23-25:

217 2529 220 2533 >
285 2479 360 2545 Una
382 2487 565 2547 contentum
587 2482 709 2565 pudeat
730 2501 781 2547 me
804 2482 912 2548 vivere
934 2481 1066 2548 amica?

363 2582 423 2648 hoc
445 2585 472 2648 si
495 2585 615 2650 crimen
637 2584 705 2668 erit,
728 2585 848 2650 crimen
870 2585 996 2650 Amoris
1018 2586 1088 2669 erit,

286 2684 331 2751 Mi
353 2705 447 2752 nemo
471 2685 611 2769 objiciat.

130 2785 175 2850 ad
198 2785 330 2852 alterius
356 2769 459 2872 partis
481 2809 593 2854 versus
618 2791 741 2853 13-18
771 2790 946 2874 pertinent,
976 2790 1091 2872 quibus
1115 2790 1254 2876 Cynthia

128 2894 261 2972 poetam
284 2889 388 2956 verita
411 2911 453 2956 ne
475 2892 578 2957 Roma
599 2891 794 2975 discederet,
825 2891 997 2957 adhortata
1019 2900 1103 2976 erat,
1135 2899 1170 2957 ut
1193 2913 1256 2958 ser-

130 3010 260 3056 monem
283 2992 422 3058 tristium
445 3013 556 3059 senum
579 2994 634 3076 qui
655 2994 689 3058 id
710 2999 835 3059 tantum
851 3001 1041 3079 spectarent,
1064 3001 1099 3059 ut
1114 2995 1255 3079 ipsorum

131 3113 274 3160 amorem
311 3084 526 3162 discinderent
563 3095 667 3182 (611.
692 3096 760 3183 14),
791 3104 1013 3163 contemneret.
1070 3098 1255 3181 Propertius

129 3197 260 3261 illorum
291 3217 437 3263 sermone
467 3218 501 3263 se
538 3199 628 3281 tangi
664 3205 774 3282 negat,
812 3199 909 3264 immo
945 3221 1016 3264 cum
1053 3200 1086 3263 in
1116 3199 1255 3284 Cynthia

130 3298 201 3363 sola
225 3319 350 3366 omnem
373 3320 516 3366 amorem
543 3301 682 3385 positum
705 3322 776 3368 6666
798 3301 984 3388 profiteatur
1005 3300 1057 3388 (cf.
1079 3322 1108 3366 v.
1131 3304 1170 3365 23
1193 3323 1255 3366 aaa
1372 3326 1376 3331 ·

131 3401 237 3466 amica
267 3401 463 3488 contentum)
493 3403 602 3467 statim
632 3404 724 3468 initio
746 3404 902 3470 orationis
933 3403 1020 3468 illius
1049 3403 1191 3468 animum
1213 3403 1254 3468 de

131 3501 211 3584 faga
243 3504 381 3571 fortasse
413 3506 532 3570 iratum
566 3505 627 3570 sibi
656 3506 812 3572 conciliat.
854 3506 982 3588 Fugam
1013 3511 1118 3570 autem
1148 3506 1254 3588 ipsam

131 3603 179 3671 ita
229 3614 377 3691 excusat,
427 3613 462 3672 ut
510 3607 668 3673 desiderio
718 3628 752 3673 se
795 3607 896 3673 teneri
940 3607 1038 3690 dicat,
1090 3606 1256 3671 Musarum

133 3706 226 3772 sedes
259 3708 293 3774 in
327 3709 465 3775 Graecia
496 3709 627 3775 videndi
658 3716 755 3792 atque
784 3729 909 3775 omnem
942 3708 1067 3792 puellae
1102 3708 1256 3793 suspicio-

132 3827 206 3874 nem
246 3817 281 3874 ut
302 3810 475 3902 ,disjiciaa
511 3831 584 3876 eam
620 3812 724 3896 ipsam
761 3811 952 3877 adhortatur
982 3816 1017 3874 ut
1052 3829 1159 3875 secum
1195 3811 1257 3875 iter

133 3910 209 3976 illuc
231 3911 332 3978 166161
362 3912 405 3999 (v.
428 3917 469 3977 25
492 3914 580 3998 666).
623 3914 708 3980 Nam
739 3913 866 3980 etiamsi
889 3915 1054 3978 Musarum
1082 3918 1177 3978 antra
1198 3919 1255 3978 616.

132 4011 180 4078 116
203 4034 224 4079 6
245 4016 348 4098 poetis
363 4015 518 4081 Romanis
540 4022 744 4101 usurpantur,
766 4023 800 4081 ut
822 4004 917 4098 quem
932 4015 1012 4080 libet
1026 4016 1131 4080 locum
1147 4013 1254 4079 fictum

133 4113 311 4198 significent
333 4116 387 4202 (61.
408 4118 484 4182 Η61.
507 4116 566 4183 Od.
588 4119 612 4201 l,
637 4123 663 4202 1,
687 4120 821 4184 30-31.
843 4118 937 4203 Prop.
959 4117 1013 4200 IV,
1038 4121 1063 4200 1,
1086 4119 1118 4201 2)
1147 4122 1258 4182 tamen

134 4237 207 4283 eum
228 4224 325 4302 poeta
350 4226 507 4302 Cynthium
537 4218 741 4304 adhortetur,
776 4226 811 4284 ut
848 4219 955 4304 ipsum
985 4218 1060 4284 illuc
1090 4217 1257 4284 comitetur
