2760 4680
1210 270 1249 335 37

623 442 676 526 IV,
702 446 749 507 15.

215 542 379 609 Oonexum
417 543 512 627 hujus
549 544 675 627 elegiae
710 544 810 608 variis
847 543 951 609 modis
989 543 1250 610 disturbaverunt

127 644 299 710 Fischerus
315 644 451 731 (quaest
467 647 561 731 Prop.
576 668 607 730 p.
623 646 720 731 3-5)
739 647 972 712 Heinrreiohius
994 645 1112 731 (novae
1128 654 1249 729 quaest

126 749 222 832 Prop.
243 747 383 834 Symbol.
405 771 434 833 p.
458 749 542 834 671),
572 770 705 831 quorum
736 750 819 815 alter
847 749 993 814 ultimam
1026 751 1096 833 ejus
1123 750 1248 832 elegiae

126 855 253 934 partem
276 851 351 916 inde
382 871 410 916 a.
433 872 462 918 v.
485 855 611 916 21-30
641 860 713 936 post
735 873 763 917 v.
787 858 914 917 sextum
942 853 1147 918 inserendam
1177 871 1249 917 esse

127 952 302 1018 arbitratur
331 954 516 1038 (Fischerus
538 976 567 1038 p.
591 956 640 1040 4),
676 957 757 1020 alter
780 955 907 1020 omnino
936 956 979 1019 ad
1004 974 1132 1020 carmen
1154 954 1249 1039 perti-

127 1075 204 1121 nere
226 1061 323 1139 negat
345 1055 592 1142 (Heimreichius
615 1080 645 1142 p.
667 1058 752 1144 671).
796 1059 834 1122 Ιιι
857 1078 894 1123 eo
917 1064 1025 1123 tamen
1049 1057 1249 1122 consentiunt

33 1234 36 1239 Ι
126 1177 240 1222 versus
273 1160 395 1221 19-20
430 1166 502 1243 post
530 1179 656 1225 versum
689 1166 727 1224 14
758 1161 962 1226 collocandos
985 1180 1055 1225 esse
1094 1160 1179 1242 quod
1216 1160 1249 1222 in

125 1260 214 1325 illius
236 1260 364 1325 distichi
387 1263 577 1351 seqtentiam
601 1282 729 1328 carmen
753 1265 840 1328 exire
862 1284 927 1327 non
948 1264 1058 1346 possit.
1102 1262 1248 1327 Eandem

126 1364 410 1447 transpositionem
434 1367 635 1430 sommendat
651 1366 921 1431 Drenckhahnius
944 1365 1145 1452 (compositio
1171 1372 1248 1429 stro·

126 1465 224 1550 phica
247 1467 354 1548 quarti
375 1467 448 1532 libri
473 1467 660 1533 Stendaliae
686 1472 776 1551 1868,
798 1491 828 1553 p.
854 1469 959 1555 1-2).

215 1568 280 1632 Sed
302 1569 411 1633 omnia
433 1567 521 1634 hene
544 1571 730 1653 cohaerent3
766 1576 831 1634 tres
868 1572 953 1634 enim
982 1576 1092 1655 partes
1122 1570 1247 1652 elegiae

126 1670 358 1755 discernuntur,
373 1673 444 1755 pari
461 1691 591 1736 numero
607 1672 812 1736 distichorum
829 1673 1033 1756 compositae.
1062 1671 1109 1737 de
1125 1672 1248 1754 primae
1305 1682 1316 1691 ‘

126 1773 229 1857 partis
252 1772 396 1838 distichis
420 1772 462 1859 (r.
487 1773 603 1860 1-10)
634 1774 711 1857 quid
740 1781 857 1857 agatur
886 1776 921 1839 in
950 1775 1009 1839 hoc
1032 1775 1173 1839 carmine
1196 1795 1250 1839 ex-

126 1875 264 1959 ponitur.
309 1875 448 1961 Oynthia
478 1877 585 1942 media
614 1883 706 1943 noete
732 1884 862 1963 poetam
892 1879 1030 1963 epistula
1061 1877 1162 1941 missa
1192 1877 1248 1941 ad-

125 1977 256 2043 hortata
278 1985 343 2062 est,
373 1986 406 2043 ut
436 1980 546 2045 statim
571 1981 671 2046 Tibur
700 1981 932 2065 proficiscatur3
970 1986 1066 2064 poeta
1094 1980 1195 2045 noetis
1217 1986 1249 2044 et

126 2080 201 2145 viae
223 2081 366 2164 pericula
389 2088 534 2147 metuens
557 2083 633 2164 quid
656 2083 798 2149 factumst
821 2085 862 2148 sit
881 2084 1029 2167 haesitat,
1053 2104 1124 2148 oum
1139 2088 1248 2146 tamen

126 2183 196 2247 irae
220 2182 381 2268 Cynthiae
403 2185 599 2268 recordetur,
629 2204 650 2247 a
680 2205 744 2267 qua
774 2194 874 2250 totum
897 2207 1016 2250 annum
1039 2206 1073 2251 se
1094 2184 1248 2269 rejectum

126 2303 198 2350 esse
227 2286 398 2370 profitetur,
435 2286 577 2350 animum
613 2287 736 2352 inducit
773 2294 806 2351 ut
841 2289 902 2353 iter
933 2289 1041 2352 faeiat.
1086 2288 1246 2352 Timorem

127 2393 235 2454 autem
258 2389 320 2452 hae
350 2389 628 2472 argumentatione
653 2390 755 2455 sedat:
794 2411 829 2455 se
858 2412 922 2455 non
952 2410 1022 2456 esse
1053 2391 1247 2473 moriturum,

127 2492 205 2575 quia
226 2491 335 2556 Venus
358 2498 389 2558 et
412 2493 509 2557 Amor
532 2498 681 2558 amantes
711 2493 907 2578 custodiant3
944 2494 1026 2558 hane
1056 2492 1247 2558 sententiam

127 2595 266 2677 quinque
289 2593 432 2660 distichis
455 2596 655 2679 persequitur
677 2594 837 2683 (versibus
863 2594 1024 2680 11-20).
1073 2596 1148 2660 Jam
1173 2615 1247 2660 vero

126 2697 208 2761 inter
234 2699 339 2780 ipsam
363 2699 671 2780 argumentationem
693 2703 796 2763 metus
822 2698 876 2764 ille
902 2698 1012 2763 mortis
1035 2718 1129 2781 quem
1152 2698 1247 2763 ratio-

128 2799 287 2864 cinatione
303 2821 361 2865 sua
376 2805 471 2883 poeta
486 2821 550 2865 non
566 2821 695 2885 prorsus
711 2802 879 2885 oppressit,
894 2801 927 2864 in
943 2803 1085 2866 animum
1101 2801 1248 2884 relapsus

128 2908 184 2967 est.
214 2903 293 2967 Inde
315 2902 348 2967 fit
370 2909 405 2967 ut
426 2921 496 2966 eum
520 2902 608 2967 illum
631 2903 745 2968 iterum
769 2903 887 2986 ejicere
909 2903 1038 2968 studeat
1061 2904 1107 2968 sic
1120 2908 1247 2987 pergat:

128 3007 179 3069 sin
209 3012 316 3070 autem
346 3006 514 3088 moriatur,
551 3005 646 3070 funus
683 3007 745 3071 sibi
775 3007 944 3072 honestum
975 3027 995 3070 a
1024 3006 1134 3089 puella
1165 3005 1248 3089 fore3

128 3108 212 3172 hanc
234 3126 360 3190 quoque
382 3107 574 3173 sententiam
597 3108 737 3191 quinque
760 3108 905 3173 distichis
927 3108 1067 3193 explicat
1090 3105 1248 3193 (versibus

126 3207 275 3295 21-30).

212 3313 259 3376 Ac
280 3313 450 3377 transitum
473 3312 516 3375 ad
540 3312 677 3377 alteram
699 3314 891 3379 sententiam
914 3315 1167 3378 versus19-20
1191 3331 1246 3395 pa-

125 3419 215 3490 rant,
245 3435 309 3478 non
331 3419 451 3479 temere
473 3412 533 3479 hoe
556 3415 626 3480 loco
657 3415 817 3499 collocati3
854 3435 930 3478 nam
961 3436 1033 3480 eum
1055 3419 1151 3498 poeta
1173 3434 1245 3478 eam

126 3517 318 3582 sententiam
356 3537 419 3599 qua
456 3516 540 3582 hanc
569 3523 696 3600 partem
725 3517 844 3600 incepit
873 3517 906 3580 in
936 3516 997 3582 fine
1020 3518 1091 3598 ejus
1114 3522 1247 3600 repetat,

127 3618 364 3701 quodammodo
394 3620 464 3703 ipse
491 3618 531 3683 de
554 3638 613 3682 sua
643 3620 921 3703 argumentatione
944 3619 1091 3684 dubitare
1113 3619 1247 3683 ridetur.

127 3721 323 3804 Saepissime
345 3720 429 3785 enim
460 3721 518 3786 sub
547 3721 690 3786 maxima
717 3721 834 3787 fiducia
863 3742 937 3805 qua·
949 3723 1020 3805 quis
1053 3721 1247 3786 sententiam

126 3822 339 3905 proloquitur,
370 3843 513 3887 summus
543 3825 639 3888 timor
660 3823 748 3890 latet.
793 3825 844 3889 Ad
870 3824 1006 3890 eundem
1029 3825 1096 3889 fere
1118 3843 1246 3888 sensum
1283 3822 1287 3831 ”

127 3922 240 3987 Jacobi
264 3924 486 4009 interpretatio
511 3932 648 4010 spectat,
678 3927 732 4008 qui
761 3926 801 3991 de
824 3947 947 3992 conexu
976 3925 1071 4010 hujus
1095 3925 1247 3990 carminis

127 4024 269 4107 pluribus
292 4026 441 4092 disseruit
463 4028 510 4112 (in
532 4029 695 4112 philologo
717 4030 757 4112 ΙΙ,
779 4052 809 4113 p.
832 4027 1003 4114 tet—58).

213 4128 326 4193 Restat
348 4134 382 4192 ut
405 4129 444 4194 de
467 4131 588 4194 ultimis
618 4131 743 4214 elegiae
764 4131 908 4197 versibus
930 4131 1008 4214 quid
1039 4131 1081 4194 sit
1100 4131 1247 4212 judican-

126 4227 201 4293 dum
223 4249 429 4316 exponamus.
473 4233 578 4318 Atque
600 4232 744 4299 codicum
767 4234 866 4300 verba
889 4234 969 4300 haee
991 4239 1073 4300 sunt.
