2760 4680
176 259 215 323 10

276 428 345 494 11110
367 430 420 495 vel
442 428 556 494 studiis
578 429 721 493 animum
744 427 915 494 emendare
937 428 1084 492 Platonis

328 531 481 615 incipiam
505 538 560 597 aut
582 531 692 616 hortis,
715 532 808 596 docte
829 532 976 616 Epicure,
998 531 1061 594 tuis

277 635 458 716 Persequar
481 641 537 699 aut
560 633 698 699 studium
722 634 862 717 linguae,
885 633 1111 698 Demosthenis
1134 654 1236 716 arma,

327 737 544 820 librorumque
566 743 648 821 tuos,
671 738 762 803 docte
785 736 968 820 Menandre,
992 738 1085 801 soles.

261 841 311 903 Ex
332 839 383 904 his
405 860 516 905 versus
532 843 657 905 25-26
674 842 795 925 primus
811 839 1039 904 Lachmannus
1061 838 1150 903 uncis
1172 839 1302 902 inclusit

50 997 54 1001 .
177 943 241 1027 (ed.
259 945 339 1007 1816
362 965 392 1027 p.
408 943 492 1029 318).
536 945 699 1009 Permulta
722 945 807 1009 enim
830 943 863 1007 in
885 943 925 1007 iis
947 943 1068 1025 insunt,
1092 961 1174 1025 quae
1198 941 1302 1025 suspi-

178 1045 301 1110 cionem
331 1052 491 1112 moveant.
544 1047 590 1110 Ac
622 1047 758 1130 primum
793 1045 958 1129 displicet,
992 1044 1108 1109 eadem
1141 1044 1303 1109 vocabula

179 1147 283 1230 (docte
304 1148 459 1232 Epicure,
491 1149 581 1213 docte
604 1148 794 1231 Menandre,
827 1147 941 1212 studiis
967 1146 1129 1229 Platonis,
1160 1147 1302 1211 studium

178 1250 321 1334 linguae)
344 1256 411 1314 tarn
441 1251 530 1316 brcri
559 1252 665 1336 spatio
696 1250 862 1334 interjecto
885 1250 987 1334 repeti
1012 1249 1097 1332 quod
1120 1268 1198 1314 casu
1221 1249 1304 1312 acci-

179 1353 265 1418 disse
287 1352 341 1416 vix
365 1355 535 1436 quisquam
558 1353 785 1443 comprobabit.
826 1353 939 1435 Neque
962 1351 1170 1435 Hertzbergio
1194 1371 1303 1416 00000-

179 1456 255 1540 1100,
270 1456 341 1538 001
363 1455 407 1541 (0.
424 1455 499 1543 370)
522 1458 709 1522 alterutrum
739 1453 898 1521 distichon
929 1475 949 1519 a
972 1461 1069 1540 poeta
1098 1454 1236 1520 fortasse
1259 1454 1305 1517 00

180 1559 356 1641 marginem
379 1559 576 1644 adscriptum
599 1565 631 1624 et
653 1559 778 1624 futurae
807 1559 986 1624 recensioni
1015 1562 1176 1622 servatum
1200 1556 1305 1620 ordini

179 1661 374 1742 reliquorum
404 1662 444 1726 ab
475 1663 588 1727 amicis
617 1663 772 1727 insertum
803 1681 874 1727 esse
904 1660 1039 1743 conjicit.
1091 1660 1176 1723 Nam
1206 1658 1306 1722 amici

180 1765 367 1848 superstites
389 1785 465 1829 num
488 1766 632 1830 carmina
657 1764 815 1849 Propertii
837 1763 1004 1846 ediderint,
1026 1800 1068 1808 -
1091 1781 1155 1844 000
1178 1765 1306 1826 senten-

180 1866 226 1930 tia
247 1866 404 1950 imprimis
426 1868 480 1932 ille
502 1868 612 1932 nititur
628 1866 847 1952 (quaestiones
864 1866 1096 1950 Propertianas
1118 1885 1148 1949 p.
1161 1862 1246 1949 219),
1261 1896 1307 1911 --

181 1967 276 2034 valde
298 1968 428 2034 dubium
452 1970 529 2034 mihi
551 1969 678 2034 videtur
700 1989 780 2034 0000.
834 1966 905 2046 Qua
929 1968 968 2033 de
992 1987 1091 2032 00000
1112 1967 1219 2033 facere
1241 1987 1307 2031 non

181 2090 361 2154 possumus,
384 2071 459 2153 quin
483 2072 669 2137 alterutrum
692 2071 849 2136 distichon
871 2071 1099 2154 interpolatum
1123 2089 1194 2134 esse
1216 2075 1307 2154 pute-

183 2193 260 2237 mus.
304 2173 456 2240 Attamen
479 2175 571 2240 multi
594 2176 654 2240 viri
675 2175 760 2240 docti
791 2175 849 2239 hos
872 2194 984 2240 versus
1012 2172 1184 2238 emendare
1208 2191 1308 2255 quam

183 2296 204 2338 a
228 2276 394 2359 Propertio
417 2276 605 2362 abjudicare
628 2280 816 2343 maluerunt.
868 2277 918 2340 Ex
948 2274 1062 2357 quibus
1084 2274 1309 2338 Broulrhusius

183 2376 246 2462 (ed.
264 2381 345 2442 1702
368 2401 398 2462 p.
415 2382 490 2464 310)
506 2381 755 2466 ,0000010000α
782 2379 914 2463 scripsit,
937 2377 1115 2443 doctrinam
1128 2377 1308 2442 Menandro

183 2479 365 2564 vindicans,
396 2482 452 2546 alii
475 2483 761 2566 001Μο0000ου0
785 2482 914 2547 doctum
936 2500 1008 2546 esse
1029 2486 1203 2564 negarent,
1234 2499 1309 2545 eum

184 2583 312 2667 cultum,
334 2591 504 2670 comptum,
526 2585 687 2668 muudum,
710 2587 824 2650 scitum
847 2583 1102 2669 appellaverunt.
1153 2582 1229 2646 ,1000
1252 2582 1310 2647 eli-

185 2704 244 2766 gas
267 2686 344 2768 quid
367 2687 406 2753 de
428 2693 519 2753 10010
541 2688 754 2773 epithetorum
783 2689 875 2773 copia
903 2687 1010 2772 potius
1032 2691 1147 2770 poetae
1170 2685 1310 2751 tribuas:

185 2787 311 2852 videbis
348 2809 443 2871 quam
481 2792 695 2876 periculosum
731 2790 792 2855 hoc
824 2796 926 2869 totum
958 2809 1059 2873 genus
1097 2788 1312 2872 conjectandi,

186 2889 290 2972 magis
311 2888 443 2958 ludendi
475 2913 572 2976 quam
603 2893 850 2977 argumentandi
880 2913 980 2957 causa
1008 2891 1237 2974 exercitatum,
1268 2890 1312 2954 sit

186 2990 378 3060 habendum.

272 3097 372 3161 Multo
395 3099 493 3164 etiam
508 3099 669 3164 difficilius
690 3118 742 3164 res
757 3097 904 3164 sehabet
927 3097 967 3163 de
987 3097 1091 3162 altera
1113 3095 1313 3178 repetitione.

187 3199 258 3262 Huc
279 3200 364 3264 enim
386 3200 524 3285 primum
547 3201 680 3284 accedit,
703 3201 788 3284 quod
810 3200 941 3284 „studia
964 3199 1129 3264 Platonis“
1150 3217 1223 3282 pro:
1248 3203 1314 3262 stu·
1363 3236 1372 3249 -

188 3301 259 3386 diis,
282 3301 395 3384 quibus
414 3303 508 3369 Plato
531 3304 670 3368 vocabat
693 3304 811 3368 dictum
835 3308 892 3384 001,
906 3339 949 3349 —
972 3302 1057 3384 quod
1080 3299 1216 3366 latinum
1239 3319 1316 3365 esse

188 3405 320 3486 negarit
342 3406 576 3488 Lachmannus,
599 3407 837 3490 elegantissime
859 3405 923 3469 dici
952 3403 1122 3470 affirmarit
1144 3403 1315 3467 Hertzber-

189 3505 260 3588 gius
285 3545 326 3552 —
348 3513 413 3573 turn
446 3511 531 3592 quod
556 3531 621 3574 000
643 3514 730 3588 00010
759 3508 866 3573 010010
888 3507 1032 3572 Platonis
1056 3505 1156 3569 hortis
1180 3505 1315 3589 Epicuri

84 3662 89 3667 .
191 3618 401 3696 opponuntur.
445 3613 551 3692 Quare
566 3612 790 3677 Broulrhusius
811 3610 895 3696 (loco
919 3629 1016 3694 supra
1039 3607 1153 3692 allato)
1174 3608 1226 3672 vel
1249 3614 1316 3673 010-

191 3715 253 3779 diis
275 3715 327 3779 rel
350 3715 466 3799 spatiis
493 3715 729 3781 emendandum
759 3714 940 3799 proposuit,
969 3711 1148 3794 exquibus
1175 3712 1315 3776 alterum

192 3815 333 3903 (stadiis)
355 3819 573 3902 Hertabergio,
596 3818 733 3884 alterum
756 3814 899 3905 (spatiis)
921 3813 1087 3880 Huschkio
1110 3813 1241 3896 placuit.

276 3922 326 3986 Ex
348 3922 464 4005 quibus
486 3923 567 3986 satis
588 3920 763 4008 perspicies
786 3925 908 4003 quanta
938 3918 979 3982 sit
1002 3915 1135 3981 offensio
1162 3915 1196 3978 in
1225 3933 1316 3998 repe·
1365 3964 1369 3972 .

191 4025 304 4092 titione
325 4026 498 4091 eorundem
514 4025 740 4091 vocabulorum
764 4029 796 4088 01
811 4042 909 4106 quam
923 4041 987 4085 non
1010 4019 1051 4084 sit
1066 4017 1251 4100 verisimile,
1273 4035 1315 4082 ex

192 4130 232 4193 iis
262 4149 346 4213 quae
376 4129 536 4195 codicibus
565 4127 687 4194 tradita
716 4132 803 4210 sunt,
833 4125 892 4189 hoc
920 4124 990 4188 loco
1023 4120 1101 4203 quid
1123 4139 1197 4184 rere
1219 4124 1317 4203 poeta

191 4233 363 4318 scripserit,
386 4232 545 4318 siquidem
568 4250 624 4298 eos
645 4248 757 4297 versus
780 4225 913 4314 scripsit,
937 4243 1056 4291 eruere.
