2760 4680
125 306 167 368 26

123 473 237 538 humo“
263 473 392 539 facilius
414 472 457 536 acl
481 473 671 556 Aquilonem
694 480 725 538 61
748 475 933 558 Neptunum
957 473 1150 558 referuntur,
1177 495 1249 541 cum

127 578 190 643 due
214 582 337 642 tantum
360 575 497 640 disticha
519 576 585 641 scil.
613 596 724 641 versus
749 580 880 640 17-20
903 576 1111 642 intercedant.
1155 577 1250 642 Paeti

124 684 234 744 autem
265 679 516 763 appellationem
546 685 612 743 tete
643 680 784 745 carmine
807 699 907 763 saepe
929 680 1153 763 interpositam
1177 698 1250 743 eum

123 780 256 845 Barthie
279 780 324 866 (p.
340 780 416 866 206)
439 781 485 846 ita
508 781 647 865 explico:
680 781 717 844 ld
746 803 843 846 unum
866 782 960 846 modo
991 781 1166 846 tenendum
1189 787 1249 864 est,

123 883 259 948 Paetum
289 890 404 967 poetae
435 884 573 948 amicum
595 883 787 967 phantasiae
811 884 968 968 Propertii
1001 903 1128 968 semper
1157 904 1250 968 prae·

124 992 244 1050 sentem
275 985 442 1051 inhaerere
470 984 551 1050 adeo
582 993 616 1050 ut
646 985 790 1069 qualibet
820 987 1004 1052 occassione
1034 985 1077 1050 ad
1105 1006 1178 1051 eum
1203 1005 1250 1050 re-

123 1093 238 1152 currat.

209 1207 332 1284 Quibus
362 1208 408 1273 ita
439 1208 611 1292 disputatis
644 1208 684 1273 de
721 1208 928 1290 sequentibus
959 1207 1104 1273 versibus
1141 1229 1249 1293 pauca

124 1309 349 1393 adjungamus.
395 1310 550 1375 Codicum
573 1311 658 1375 enim
681 1311 839 1394 scriptura
862 1329 973 1376 versus
996 1313 1036 1374 29
1059 1309 1140 1376 haec
1161 1317 1227 1376 est:

328 1430 372 1494 ite
396 1435 481 1494 rates
504 1450 621 1495 curvae
644 1437 676 1495 et
697 1429 754 1494 leti
777 1422 1023 1494 texite'causas.

213 1549 305 1628 Quae
328 1550 427 1616 verba
451 1569 522 1613 curn
553 1556 681 1632 propter
703 1549 853 1613 metricas
882 1549 1024 1614 rationes
1054 1550 1100 1614 sie
1129 1551 1252 1633 scripta

124 1654 200 1716 t'erri
222 1660 392 1735 nequeant,
415 1672 526 1716 omnes
549 1652 615 1716 fere
638 1652 693 1733 qui
709 1651 910 1735 Propertium
932 1650 1113 1735 ediderunt,
1137 1653 1251 1716 Passe-

123 1755 200 1818 ratii
223 1755 440 1836 conjecturam
463 1755 605 1838 amplexi
628 1760 712 1836 sunt,
735 1755 789 1836 qui
812 1755 858 1816 ita
881 1773 1008 1817 versum
1031 1753 1184 1819 restituit:

327 1872 370 1938 ite
393 1879 480 1937 rates
503 1893 616 1937 curvas
640 1878 671 1936 61
693 1872 749 1936 1611
772 1872 868 1936 texite
891 1892 1016 1937 causas.

209 1994 273 2058 Sed
302 1993 361 2057 hec
384 1993 477 2056 modo
500 1993 527 2056 si
551 1991 762 2056 emendamus
784 2011 915 2074 prorsus
938 2010 1091 2074 perversa
1107 1997 1156 2055 est
1177 1999 1250 2074 par·
1350 2032 1354 2039 ·

123 2097 221 2159 ticula
245 2096 430 2179 copulativa
453 2106 496 2159 et:
533 2095 617 2159 Nam
641 2094 831 2158 sententiam
855 2093 1023 2157 verborum
1054 2094 1160 2176 ipsam
1193 2112 1250 2177 per

125 2219 159 2261 66
182 2200 209 2261 si
232 2197 420 2280 respicimus
443 2197 512 2273 „leti
535 2200 670 2261 causas“
696 2196 911 2279 appositionis
933 2195 1003 2260 leco
1027 2195 1248 2279 accipiendum

125 2321 197 2365 esse
220 2305 372 2383 apparet:
410 2302 453 2363 ite
482 2305 569 2363 rates
600 2318 716 2362 curvas
746 2299 803 2363 leti
826 2317 940 2362 causas
962 2298 1062 2362 texite
1084 2318 1157 2380 pro:
1193 2298 1249 2376 ite,

125 2410 209 2466 rates
232 2422 347 2466 curvas
370 2400 539 2466 aedificate
570 2419 653 2481 quae
677 2398 768 2464 robis
792 2419 910 2465 causae
932 2400 1043 2463 mortis
1066 2405 1173 2483 erunt,
1201 2399 1249 2462 ita

62 2526 71 2583 j
125 2512 159 2567 ut
181 2505 311 2568 verbum
334 2503 457 2567 linitum
477 2503 611 2580 „texite“
639 2521 673 2566 se
695 2501 909 2585 applicaverit
930 2502 973 2565 acl
996 2501 1249 2584 appositionem:

122 2605 178 2669 leti
202 2624 327 2669 causas.
370 2605 454 2668 Illud
476 2611 599 2667 autem:
629 2609 715 2667 rates
737 2622 857 2668 curvae
879 2616 909 2669 et
930 2604 988 2668 leti
1010 2603 1248 2668 eausas‘texite

123 2707 244 2771 nullam
268 2706 365 2770 habet
380 2705 646 2789 probabilitatem.
691 2705 765 2769 Alia
790 2705 918 2787 quidem
940 2707 1063 2770 ratione
1081 2704 1248 2769 Broukhu-

124 2811 190 2873 sius
214 2809 269 2891 qui
292 2807 486 2872 Gronovium
515 2809 658 2890 sequitur
680 2807 723 2892 (p.
747 2808 822 2892 244)
845 2807 1087 2892 interpretatum
1119 2813 1248 2872 centen-

125 2912 171 2976 en
193 2911 277 2976 enim
300 2911 358 2974 illa
381 2910 479 2975 verba
500 2902 559 2974 lrec
582 2909 676 2975 modo
699 2929 770 2974 esse
793 2908 1032 2993 conjungenda:
1055 2909 1099 2974 ite
1115 2915 1146 2974 et
1161 2915 1248 2974 rates

124 3034 238 3078 curvas
260 3013 316 3078 leti
338 3033 453 3077 causas
476 3013 583 3078 texite.
628 3012 692 3077 Sed
715 3031 879 3094 nunquam
907 3031 947 3075 nc
969 3012 1153 3079 doctissimo
1178 3013 1246 3093 qui-

124 3117 196 3180 dem
220 3118 288 3180 viro
319 3116 352 3179 ivl
375 3115 506 3179 concedi
531 3115 643 3196 (lebet,
677 3120 711 3178 ut
740 3120 871 3198 propter
900 3114 996 3177 vilem
1028 3113 1246 3196 conjecturam

124 3223 224 3281 tetam
246 3219 441 3283 latinitatem
464 3223 635 3302 pervertat.
681 3216 772 3294 Quae
795 3222 845 3281 est
868 3217 953 3280 enim
988 3216 1044 3279 illa
1066 3216 1159 3279 latini
1183 3235 1248 3280 ser-

124 3321 227 3384 monis
254 3322 306 3384 lex
336 3327 385 3403 ut,
422 3321 448 3384 si
486 3319 548 3383 duo
579 3320 755 3383 accusativi
786 3339 844 3402 per
873 3325 904 3382 et
927 3317 1089 3400 conjuncti
1119 3317 1247 3381 altune

124 3423 221 3487 verbo
245 3423 413 3486 transitivo
436 3422 578 3505 pendent
608 3420 689 3484 alter
712 3416 925 3505 appositionis
949 3421 1018 3484 loco
1041 3418 1247 3502 accipiendus

124 3525 189 3588 sit?
234 3526 366 3589 Prorsus
391 3525 466 3587 talis
489 3523 617 3588 licentia
640 3521 816 3605 rejicienda
839 3530 896 3588 est.

210 3643 281 3721 Qua
304 3644 344 3708 (16
368 3643 667 3725 eausaPasseratii
690 3642 906 3724 conjecturam
934 3642 1082 3722 quamvis
1105 3641 1147 3705 sit
1169 3640 1247 3705 saci-

124 3747 164 3810 lis
201 3746 345 3828 improbe
382 3752 413 3810 61
443 3745 588 3809 codicum
626 3745 819 3829 scripturam
856 3744 992 3808 retinere
1022 3744 1130 3808 malim
1162 3760 1247 3823 quas

124 3850 222 3911 multo
246 3849 359 3912 melius
381 3867 452 3912 eum
476 3850 706 3913 sententiarum
736 3867 821 3912 nexu
845 3851 968 3911 etcum
992 3845 1125 3910 consilio
1147 3844 1247 3909 totius

125 3951 277 4014 carminis
301 3949 446 4031 quadrat.
490 3950 576 4014 Nam
598 3951 736 4034 primum
752 3951 901 4013 commoti
923 3954 955 4012 et
969 3935 1129 4012 fluctantis
1145 3946 1248 4011 animi

124 4052 230 4133 magis
252 4051 414 4135 proprium
438 4058 495 4134 est,
525 4058 611 4116 rates
633 4051 722 4136 ipsas
747 4051 827 4116 sicut
848 4050 961 4136 primis
984 4050 1128 4114 versibus
1150 4067 1246 4132 pecu·

124 4153 211 4215 niam
234 4153 408 4237 appellari,
436 4160 504 4218 tum
535 4154 637 4218 ironia
668 4173 753 4236 qnae
783 4153 816 4217 in
839 4153 904 4218 illis
926 4158 1077 4236 quattuor
1099 4151 1265 4216 versibus·

125 4255 250 4318 29-32
274 4254 369 4338 inest,
406 4255 561 4339 majorem
589 4256 653 4321 vim
681 4257 815 4340 accipit,
844 4257 870 4321 si
901 4260 996 4340 poeta
1023 4273 1126 4320 naves
1154 4255 1246 4339 ipsas
