2760 4680
1155 204 1195 276 29

99 390 210 463 poeseos
233 372 332 445 verba
355 374 441 445 facit.
485 371 651 445 Habemus
673 371 809 445 altorum
839 376 1003 446 exordium
1034 382 1104 466 pari
1128 403 1196 448 scn-

99 481 183 563 66116,
206 482 278 565 6611
302 502 433 547 numero
457 501 615 564 versuum,
638 483 709 567 6611
733 484 972 568 compositionis
988 504 1114 565 genere.
1148 486 1196 550 Ac

99 588 204 666 ¹metam
239 583 353 649 duobis
383 584 449 648 illis
480 584 620 650 exordiis
657 584 837 668 praefatum
875 605 946 651 esse
977 607 1046 650 cum
1076 607 1134 671 661
1162 607 1195 652 86

100 705 180 768 psum
209 706 272 749 non
305 686 346 749 sit
368 686 539 751 verisimile
571 693 635 750 tum
667 706 705 752 ea
729 686 769 752 de
792 706 890 752 causa
919 686 1049 771 probari
1079 689 1196 772 nequit,

99 788 162 869 1uod
184 788 267 852 inter
289 788 427 872 primum
450 793 482 852 61
504 789 678 853 secundum
701 790 900 873 prooemium
928 791 1034 854 nullus
1056 810 1195 856 conexus

99 890 248 955 ntercedit.
301 888 339 954 Id
371 890 468 972 igitur
498 891 599 954 solum
630 896 744 973 restat,
781 891 809 955 si
840 891 968 973 quidem
998 897 1095 976 66616
1122 892 1196 957 11168

99 1010 186 1056 Γ61868
209 992 385 1077 composuit
414 999 449 1055 ut
471 993 515 1056 ad
537 994 716 1075 marginem
738 993 811 1057 libri
834 993 883 1057 sui
906 1013 961 1058 cos
984 995 1196 1078 adnotaverit,

99 1093 160 1158 mdo
181 1095 214 1158 in
236 1100 358 1159 textum
381 1096 487 1179 ipsum
509 1101 623 1179 postea
645 1095 847 1179 irrepserunt.
892 1096 957 1161 Sed
971 1095 1053 1162 haee
1068 1117 1194 1179 quoque

99 1197 231 1262 ententia
254 1217 368 1281 parum
399 1197 495 1263 habet
525 1197 760 1281 probabilitatis
790 1199 852 1262 nisi
875 1198 1116 1281 Hertnbergium
1147 1219 1193 1264 sc·
1284 1229 1287 1232 ⁴

99 1298 208 1383 tuimur,
246 1301 300 1382 qui
331 1321 440 1366 omnes
469 1300 567 1365 libros
597 1307 724 1384 6166161
752 1301 890 1385 primum
921 1301 961 1366 ab
985 1302 1098 1366 amicis
1120 1303 1195 1367 Pro-

99 1403 167 1465 ·ertii
189 1403 294 1466 editos
316 1422 386 1468 esse
409 1410 516 1467 censet
554 1402 690 1487 (quaest.
713 1404 806 1488 Prop.
829 1424 859 1487 p.
882 1407 945 1466 222
976 1403 1057 1489 seq.)
1100 1404 1194 1470 Prae

99 1519 163 1567 6166
184 1505 211 1568 81
234 1505 378 1588 singulas
400 1524 549 1569 versuum
572 1505 798 1570 similitudines
820 1506 983 1589 respicies,
1003 1543 1045 1552 —
1066 1525 1195 1590 respon-

101 1610 152 1669 ent
172 1607 257 1670 enim
288 1607 320 1670 in
351 1607 466 1671 iisdem
488 1607 566 1672 locis
590 1608 758 1673 collocata:
802 1607 917 1690 quodsi
940 1607 1088 1672 deficiant
1110 1609 1194 1673 vires

99 1751 104 1766 .
129 1712 154 1772 5.
196 1709 272 1773 Jam
296 1709 410 1774 sumitc
432 1710 516 1775 vires
538 1713 634 1774 1.11.
656 1709 689 1773 16
711 1717 830 1790 maguis
857 1717 889 1774 61
911 1710 1049 1774 16161886
1072 1716 1123 1774 861
1145 1716 1194 1775 681

99 1812 269 1892 ,6.6166111
290 1830 373 1877 nnnc
396 1812 455 1876 6111
478 1813 542 1875 6118
565 1831 646 1895 opus
668 1832 697 1876 v.
715 1814 762 1875 12.
778 1848 820 1856 —
836 1811 890 1875 vix
905 1812 1024 1896 6616118
1047 1811 1193 1877 dubitare

99 1911 151 1974 uin
183 1913 371 1977 alterutrum
406 1913 572 1978 exordium
605 1914 748 1997 spurium
779 1914 821 1978 sit
858 1913 1049 1979 habendum.
1101 1912 1194 1990 Quod

99 2029 149 2076 um
178 2015 251 2079 aliis
282 2031 408 2097 quoque
438 2016 544 2081 causis
575 2015 755 2080 confirmari
792 2016 894 2099 possit
922 2017 956 2080 in
986 2016 1193 2098 sequentibus

99 2111 316 2198 isputabimus.

157 2220 265 2302 Atque
287 2226 436 2302 quartum
459 2218 616 2285 distichon
639 2220 725 2302 quod
750 2221 860 2305 incipit
890 2240 910 2283 6
941 2221 1062 2286 verbis:
1101 2228 1192 2288 aetas

99 2318 176 2385 rina
198 2328 292 2386 canat
309 2321 449 2387 Veneres
470 2322 541 2404 jam
557 2321 790 2386 Hoimreiehius
813 2321 951 2406 (quaest.
974 2324 1068 2408 Prop.
1091 2322 1191 2409 629)

99 2425 301 2507 116166161616
325 2444 396 2489 6886
412 2423 568 2508 cognovit.
605 2423 689 2488 Nam
705 2443 901 2506 quamquam
916 2424 949 2488 iu
965 2425 1071 2490 verbis
1085 2444 1193 2509 pauca

99 2533 180 2589 rsunt
202 2524 248 2611 (ct
270 2527 303 2589 in
324 2527 443 2591 talibus
464 2526 763 2611 interpolationibus
793 2527 899 2591 inesse
921 2525 1037 2614 solent)
1067 2547 1150 2610 quae
1172 2549 1192 2592 a

99 2627 228 2711 'ropertii
251 2648 309 2692 usu
332 2628 459 2693 dicendi
483 2627 589 2694 aliena
613 2629 691 2712 sint,
721 2633 830 2693 tamen
853 2629 886 2692 in
908 2627 968 2693 hoc
990 2629 1124 2694 disticho
1148 2630 1192 2693 ad

99 2733 281 2813 corruptum
311 2749 466 2794 conexum
490 2730 630 2812 accedit,
653 2729 738 2811 quod
767 2731 917 2813 pluralis:
947 2730 1089 2797 Veneres
1120 2752 1192 2796 nus-

99 2850 166 2895 uam
192 2831 280 2915 apud
295 2832 496 2915 Propertium
516 2839 546 2896 et
562 2831 649 2916 apud
665 2839 786 2897 ceteros
798 2837 911 2917 poetas
931 2833 1091 2916 elegiacos
1106 2834 1192 2898 inre·

99 2933 163 2997 itur.
194 2933 258 2999 Sed
272 2934 306 2998 in
322 2936 507 3000 universum
524 2934 681 3013 sermonis
696 2935 944 2999 concinnitatem
960 2935 986 2998 si
1002 2941 1192 3018 spectamus,

99 3041 226 3100 uantum
258 3037 446 3121 simplicitas
475 3043 506 3102 61
535 3036 695 3119 elegantia
724 3056 873 3101 versuum
899 3040 980 3100 1-4
1019 3055 1039 3099 6
1069 3037 1190 3101 tumido

99 3160 102 3200 ;
133 3145 275 3203 66616116
313 3139 438 3204 dicendi
474 3159 591 3222 genere
621 3137 706 3220 quod
735 3139 768 3201 in
797 3139 943 3203 versibus
973 3139 1190 3221 1-1616681,

99 3242 207 3325 dierat,
230 3241 325 3306 facile
348 3248 498 3327 apparet:

172 3363 202 3406 1.
226 3347 322 3408 1-4;
366 3345 720 3428 161666868116811616
742 3350 774 3410 61
797 3344 875 3410 dare

425 3446 503 3511 libet
525 3465 703 3512 memorare
725 3453 757 3512 61
780 3448 896 3512 dicere.

172 3569 201 3614 v.
218 3552 333 3612 7-10:
365 3553 457 3613 aetas
480 3553 577 3612 canat
599 3585 641 3594 —
664 3567 780 3614 canam

425 3651 498 3715 volo
520 3650 691 3735 procedere
712 3687 756 3697 —
778 3670 830 3715 me
851 3651 945 3716 Musa
967 3650 1067 3732 docet.

155 3755 301 3838 Denique
323 3752 468 3818 inflatum
497 3753 652 3817 orationis
674 3772 778 3835 genus
808 3753 903 3818 etiam
928 3773 1039 3817 versus
1064 3754 1187 3815 11-12

99 3854 249 3939 cendunt,
269 3856 303 3919 in
326 3856 441 3938 quibus
466 3855 577 3919 codem
600 3854 714 3937 spiritu
736 3860 769 3918 61
791 3853 900 3917 anima
922 3859 953 3919 ct
976 3854 1121 3919 Pierides
1144 3854 1189 3917 in-

99 3962 231 4022 1666161.

141 4055 230 4135 Quae
242 4058 351 4124 omnia
366 4060 394 4125 si
405 4066 491 4126 recte
502 4059 734 4143 aestimaveris,
744 4079 808 4123 non
821 4058 940 4143 6616118
951 4056 1100 4123 dubitare
1111 4059 1188 4140 quin

99 4179 182 4226 11868
206 4153 329 4226 11-12
345 4184 403 4249 616
425 4163 561 4230 rhetoris
591 4161 760 4247 cujusdam
781 4159 1027 4245 interpolatione
1047 4160 1190 4226 habendi
