2760 4680
127 268 167 330 38

169 439 224 500 27:
247 437 325 500 Pcst
348 442 482 500 mortem
505 436 618 500 tumuli
641 436 686 501 sic
708 436 906 502 infamantur
927 441 1093 501 amantum

355 538 1096 622 mmmmmm.

249 641 313 704 Aut
335 638 446 705 humer
468 641 598 723 ignotae
621 641 806 726 cumulus*)
829 641 969 706 vallatus
992 660 1126 705 arenae:

355 763 418 807 nen
436 743 534 826 juvat
556 743 588 806 in
612 743 721 808 media
743 763 858 808 nemen
881 742 999 809 habere
1022 743 1085 807 via.

210 880 259 942 Ex
284 879 398 960 quibus
420 900 547 945 versum
569 883 609 943 29
631 881 728 964 plane
752 887 933 964 corruptum
961 899 1031 944 esse
1061 880 1173 944 statim
1195 898 1251 962 ap-

126 988 232 1065 parct3
255 982 414 1061 quomode
437 988 546 1047 autem
567 982 708 1065 genuina
730 988 826 1066 poeta
847 982 946 1046 verba
967 981 1164 1047 restituenda
1186 982 1252 1044 sint

127 1084 222 1148 valde
251 1091 300 1148 cst
331 1085 531 1169 ambiguum3
569 1086 616 1148 Ae
644 1082 871 1148 Lachmannus
908 1104 979 1148 cum
1015 1083 1094 1147 nihil
1124 1090 1250 1148 mutare

126 1186 261 1250 auderet
290 1185 372 1250 hanc
402 1206 512 1252 versus
543 1187 677 1251 formam
707 1187 886 1251 intextum
917 1187 1037 1270 recepit
1069 1184 1132 1271 (ed.
1159 1189 1250 1269 1816,
1339 1194 1342 1201 ’

127 1289 530 1374 amstfflnw

280 1414 335 1472 aut
357 1408 468 1474 humer
488 1410 617 1492 ignotae
640 1409 776 1472 cumulis
798 1408 940 1473 vallatus
963 1428 1091 1474 arenae.

213 1527 278 1592 Sed
299 1528 436 1613 primum
452 1529 685 1594 inconcinnitas
701 1528 861 1611 quaedam
878 1528 1033 1593 sermonis
1048 1528 1141 1610 inest,
1163 1528 1250 1611 quod

126 1636 221 1713 poeta
238 1630 328 1695 dicit:
357 1651 408 1695 me
423 1637 512 1714 tegat
534 1669 576 1677 ——
599 1638 654 1694 aut
677 1631 787 1696 humer
809 1668 852 1677 -
874 1650 938 1695 non
954 1629 1061 1714 juvat,
1083 1638 1251 1714 exspecta-

126 1738 191 1794 tur:
222 1752 272 1796 me
295 1739 383 1814 tegat
405 1771 448 1780 —
470 1754 521 1798 me
543 1734 652 1798 humet
672 1771 715 1779 —
737 1753 802 1797 non
819 1733 931 1815 juvat3
968 1733 1084 1797 deinde
1106 1732 1140 1796 id
1162 1734 1250 1815 quod

126 1834 251 1898 cedices
274 1834 426 1899 exhibent
448 1834 500 1921 (N.
523 1836 667 1899 cumulus
691 1835 729 1899 G.
751 1833 908 1919 tumulus)
931 1855 972 1899 ex
994 1854 1088 1900 versu
1104 1838 1154 1917 27,
1177 1857 1250 1899 eum

127 1936 210 1999 oculi
232 1936 356 2001 librarii
378 1938 600 2002 aberrarcrent
621 1939 757 2020 petitum
779 1956 850 2002 esse
873 1937 928 2000 vix
951 1956 1146 2019 quemqnam
1175 1938 1251 2002 effu-

126 2058 200 2120 gere
223 2045 342 2122 petest;
365 2040 505 2121 denique
527 2059 591 2102 n0n
614 2046 662 2103 est
678 2039 830 2104 credibile
849 2046 916 2102 tam
931 2039 1059 2104 foedam
1073 2039 1250 2122 imaginem

128 2140 234 2221 qualis
256 2141 339 2205 inest
362 2142 395 2204 in
418 2142 539 2206 verbis:
577 2142 712 2206 cumulis
741 2141 872 2224 ignotae
903 2161 1021 2206 arenae
1045 2141 1140 2223 quasi
1162 2142 1250 2206 vallo

129 2242 358 2307 circumdatum
382 2243 506 2309 humani
530 2264 550 2308 a
572 2251 668 2328 poeta
682 2245 754 2327 ipsc
770 2245 987 2326 excogitatam
1003 2263 1081 2308 esse.
1124 2242 1250 2307 Eadem

127 2345 191 2408 nisi
214 2345 299 2427 quod
321 2345 464 2428 „humet‘
486 2353 570 2410 necte
593 2346 728 2429 scripsit,
751 2347 785 2409 in
805 2346 1009 2428 Hertzbergii
1033 2344 1251 2427 conjecturam

128 2446 256 2529 cadunt,
279 2449 334 2528 qui
358 2447 401 2532 (p.
425 2447 670 2534 344)p1·0tulit:

153 2584 158 2591 ·
283 2572 339 2630 aut
362 2566 470 2632 humet
492 2567 622 2649 ignotae
645 2567 790 2631 cumulus
813 2567 954 2631 vallatus
976 2585 1104 2633 arenae.

214 2686 280 2750 Nec
309 2693 418 2751 tamen
445 2686 660 2751 Heimreichic
698 2687 857 2750 assentior
889 2686 943 2767 qui
981 2684 1099 2770 (novae
1126 2692 1251 2767 quaest.

128 2787 221 2871 Prcp.
245 2787 385 2872 Symbcl.
408 2787 451 2874 (p.
474 2786 550 2874 671)
573 2809 684 2854 versus
707 2791 832 2852 29-30
863 2789 959 2872 plane
982 2808 1000 2853 e
1022 2807 1146 2852 conexu
1168 2795 1250 2852 cete-

128 2909 233 2952 rorum
270 2891 493 2956 removendos
518 2912 589 2958 esse
617 2892 797 2956 arbitratur.
842 2891 907 2956 Sed
936 2891 982 2955 ita
1013 2895 1143 2974 poetam
1174 2890 1249 2954 scni-

128 2992 231 3074 psisse
254 2994 419 3058 existimo:

333 3120 390 3178 aut
413 3115 522 3180 humet
544 3116 686 3198 ignotum
709 3113 766 3178 vili
788 3133 840 3177 me
862 3113 937 3177 litus
960 3132 1060 3178 arena

131 3250 169 3295 ec
193 3252 289 3296 sensu
312 3241 345 3297 ut
367 3234 450 3298 inter
473 3254 507 3298 se
530 3239 747 3318 opponantur:

283 3352 378 3417 devia
399 3360 484 3418 terra
508 3353 642 3418 arborea
665 3373 756 3418 coma
779 3372 828 3417 me
850 3357 939 3434 tegat
962 3358 993 3416 et

281 3453 424 3536 ignotum
446 3456 522 3519 litus
545 3455 601 3519 vili
624 3474 723 3519 arena
747 3475 798 3519 me
819 3454 937 3519 humet.

215 3576 320 3654 Atque
351 3575 511 3638 cumulum
541 3575 593 3639 vel
626 3575 783 3638 tumulum
816 3593 952 3639 eversu
975 3577 1014 3637 27
1046 3574 1249 3657 desumptum

130 3695 201 3739 esse
218 3675 290 3756 jam
313 3696 411 3759 supra
435 3676 553 3740 dietum
577 3682 638 3759 est3
661 3676 758 3741 vilem
780 3696 911 3741 arenam
933 3683 1041 3741 autem
1056 3677 1127 3759 ipse
1141 3683 1251 3740 noster

132 3778 293 3858 agnoscit:
315 3779 369 3861 IV,
393 3783 419 3859 7,
443 3780 499 3841 26:

346 3899 481 3962 Paetum
505 3904 617 3980 sponte
638 3903 694 3960 tua
716 3896 789 3960 vilis
813 3916 913 3961 arena
935 3903 1035 3980 tegas.

216 4016 306 4094 Quae
330 4019 357 4081 si
379 4018 532 4083 concedes
554 4024 659 4082 cetera
681 4017 775 4082 facile
798 4037 856 4100 per
878 4038 912 4082 se
927 4018 1000 4101 ipsa
1014 4017 1250 4101 intelleguntur.

216 4238 240 4303 ')
259 4238 386 4293 cumulus
404 4237 491 4308 Neap.
509 4238 632 4292 tumulus
651 4236 737 4292 Gron.
