2760 4680
572 418 625 504 lv,
648 424 697 504 nn,
723 418 813 485 1-6.

231 512 362 604 Frigida
384 527 450 585 tarn
474 523 591 586 multos
613 522 735 606 placuit
757 521 814 586 tibi
837 521 972 606 Cyzicus
995 542 1105 603 annos,

333 624 433 705 Tulle,
456 624 670 707 Propontiaca
694 640 759 706 qua
781 623 850 688 fluit
871 624 1010 687 Isthmus
1034 642 1126 705 aqna.

231 724 412 810 Dindymus
435 731 466 791 et
490 745 582 790 sacra
605 726 804 791 fabricatae
827 726 892 790 vite
915 724 1086 808 Oybebc*)

333 828 536 912 raptorisque
559 828 631 892 tulit
655 848 718 909 qua
743 829 797 893 via
819 827 903 891 Ditis
925 847 1032 910 equos.

232 929 266 994 Si
289 936 320 994 te
342 930 423 996 forte
440 931 558 1013 juvant
579 930 689 996 Helles
711 930 959 995 Athamantidos
982 930 1075 996 urbes

333 1052 392 1098 nec
415 1033 583 1117 desiderio,
606 1033 708 1117 Tulle,
730 1053 859 1098 movere
881 1053 961 1116 meo,

232 1137 283 1199 l'u
303 1136 377 1200 licet
399 1135 565 1219 adspicias
588 1155 653 1217 seq.

215 1270 344 1335 Initium
367 1272 490 1353 elegiae
512 1272 611 1335 variis
640 1272 681 1336 de
713 1272 819 1336 causis
849 1272 1058 1355 suspiciosum
1083 1277 1139 1335 est.
1184 1272 1250 1336 Pri-

126 1393 215 1436 mum
237 1373 333 1456 igitur
354 1393 466 1438 versus
484 1378 564 1436 1-4
586 1374 684 1457 plane
706 1374 898 1458 supervacui
921 1380 1003 1456 sunt,
1026 1392 1098 1437 oum
1121 1374 1164 1438 ad
1180 1394 1250 1439 sen-

126 1475 262 1540 tentiam
285 1476 387 1556 quinti
410 1495 521 1540 versus
543 1475 623 1539 nihil
646 1477 791 1540 afferant.
835 1479 917 1539 Tum
933 1476 1045 1541 verba:
1068 1476 1250 1560 Dindymus

126 1584 160 1641 ct
183 1596 268 1658 quae
290 1584 465 1660 sequuntur
488 1597 559 1641 cnm
581 1577 849 1661 praecedentibus
865 1579 952 1641 nullo
969 1578 1063 1640 modo
1080 1577 1251 1658 conjuncta

127 1685 211 1744 sunt.
254 1681 356 1744 Aliter
379 1681 507 1762 quidem
530 1680 571 1744 de
594 1678 654 1742 hac
676 1699 711 1743 re
733 1679 893 1762 Hauptius
916 1680 1060 1762 disputat
1082 1678 1202 1763 (opusc.
1219 1680 1251 1743 ll

127 1803 158 1864 p.
181 1783 221 1844 63
238 1781 324 1865 sea),
347 1783 402 1863 qui
425 1782 598 1847 secundum
622 1780 779 1845 distichon
796 1800 866 1844 oum
892 1782 984 1846 tertio
1008 1783 1055 1846 ita
1078 1781 1251 1863 conjungit,

128 1887 163 1947 ut
185 1883 284 1948 verba
309 1885 354 1963 ,si
376 1891 408 1949 tc
430 1885 510 1949 forte
529 1883 663 1965 juvant‘
690 1874 757 1948 ἀπὸ
782 1887 901 1948 κοινοῦ
924 1884 1030 1966 posita
1053 1883 1123 1948 sint.

216 2002 280 2066 Sed
302 2003 335 2065 in
357 2002 418 2067 hac
440 2022 566 2085 quoque
589 2003 756 2068 verborum
781 2009 938 2067 structura
961 2003 1099 2086 primum
1122 2003 1249 2084 quidem

129 2103 288 2168 distichon
312 2124 332 2167 a
354 2105 509 2188 proximis
531 2105 627 2188 plane
651 2105 789 2169 solutum
818 2112 850 2168 et
880 2105 1015 2170 otiosum
1047 2125 1117 2170 esse
1140 2106 1251 2169 clucet.

217 2223 293 2287 Jam
317 2244 392 2288 vero
408 2223 543 2306 Hauptii
566 2224 725 2288 sententia
748 2223 867 2304 rejecta
884 2224 912 2288 si
928 2244 1037 2288 versus
1056 2230 1137 2286 1-4
1161 2245 1252 2289 accu-

128 2324 231 2389 ratius
252 2325 492 2389 consideramus
516 2344 556 2389 ne
579 2344 735 2388 conexum
751 2325 880 2406 quidem
904 2327 986 2391 inter·
1001 2347 1057 2390 eos
1072 2333 1103 2390 et
1119 2346 1251 2408 sequen·

129 2432 178 2490 tes
200 2427 381 2493 inteeedere
403 2425 608 2510 reperiemus.
652 2427 736 2491 Nam
754 2428 911 2509 quomodo
931 2429 988 2492 illa
1004 2448 1152 2492 versuum
1171 2433 1251 2490 1-4

130 2529 305 2594 sententia:
324 2529 394 2610 jam
410 2535 456 2593 tot
471 2549 582 2608 annos,
598 2528 700 2611 Tulle,
723 2530 917 2594 amoenitate
939 2530 1067 2594 illarum
1086 2531 1251 2613 regionum

131 2631 309 2696 delectatus
330 2651 365 2696 es
388 2651 459 2695 curn
484 2631 642 2696 sententia
665 2632 883 2714 proximorum
906 2652 1070 2697 versuum:
1104 2634 1252 2714 quamvis

129 2734 224 2798 urbes
245 2733 452 2817 Propontiaoi
481 2733 580 2796 maris
613 2732 671 2797 tibi
692 2733 859 2816 placeant,
890 2735 996 2798 nullus
1026 2741 1133 2799 tamen
1162 2735 1251 2798 locus

130 2837 253 2899 Romae
275 2834 511 2919 pulchritudine
533 2841 692 2919 praestat,
716 2833 903 2918 cohaereat,
924 2837 1073 2918 equidem
1096 2858 1159 2900 non
1181 2857 1251 2921 pcr-

130 2937 239 3021 spieio.
285 2937 355 3001 Huc
379 2936 503 3002 accedit
526 2936 611 3018 quod
633 2943 729 3020 poeta
751 2937 785 3001 in
807 2957 901 3002 versu
932 2939 1042 3019 quinto
1065 2945 1186 3003 tantum
1210 2939 1250 3002 dc

130 3044 255 3105 verbibus
278 3039 484 3122 Propontiaoi
507 3039 605 3103 maris
627 3039 780 3123 loquitur,
810 3046 985 3105 ceterorum
1009 3060 1093 3123 quac
1123 3060 1251 3124 praecc-

131 3143 225 3206 dunt:
251 3141 424 3225 „Dindymi
446 3143 576 3224 montis,
599 3161 761 3206 sacrorum
784 3141 951 3226 Cybebae,
973 3143 1047 3207 viae
1069 3142 1145 3207 illae
1168 3161 1251 3224 quae

129 3244 215 3308 Ditis
248 3244 386 3327 raptoris
416 3262 516 3325 equos
549 3243 642 3308 tulit“
683 3245 809 3308 ratione
840 3244 927 3308 nulla
961 3244 1087 3326 habita,
1122 3265 1185 3326 qua
1216 3265 1251 3310 re

130 3345 279 3409 nimirum
304 3345 458 3429 ostendit,
481 3345 522 3410 ab
545 3345 605 3410 hoe
628 3346 754 3410 demum
779 3365 873 3410 versu
895 3346 1031 3428 elegiam
1055 3346 1181 3410 initium
1204 3367 1251 3412 ce-

130 3448 226 3531 pisse.
269 3446 348 3510 Inde
370 3446 468 3512 etiam
497 3448 721 3531 repetitionem
752 3447 890 3512 nominis
914 3448 999 3512 Tulli
1022 3469 1050 3512 v.
1073 3451 1092 3510 2
1115 3455 1196 3514 etr.
1222 3452 1251 3514 6.

130 3555 232 3612 ortam
255 3568 327 3614 esse
344 3547 465 3632 judico,
489 3569 572 3632 quae
595 3550 722 3614 etiarnsi
744 3552 817 3634 ipsa
840 3570 898 3634 per
913 3550 1034 3614 nullam
1059 3550 1155 3615 habet
1170 3550 1249 3616 diffi-

131 3653 282 3716 cultatem
305 3651 343 3716 cf.
365 3652 458 3736 Prop.
480 3653 504 3734 l,
530 3655 576 3736 13,
599 3655 627 3717 2.
650 3657 678 3718 4.
708 3658 817 3716 tamen
850 3653 876 3717 si
899 3653 941 3717 ad
967 3653 1109 3735 reliquas
1133 3673 1250 3719 causas

132 3753 254 3818 accedit
277 3753 491 3838 suspicionem
515 3760 619 3837 auget.
663 3755 810 3835 Denique
832 3762 866 3819 ut
889 3755 932 3818 ad
946 3755 1045 3819 verba
1067 3756 1139 3839 ipsa
1163 3775 1251 3820 acce·

133 3854 246 3917 damus
267 3862 397 3938 praeter
419 3855 569 3939 frigidam
593 3856 744 3940 (lyricum
766 3877 877 3921 versus
906 3857 1000 3941 primi
1023 3876 1118 3939 quarn
1142 3864 1176 3920 ut
1198 3877 1250 3921 ex-

133 3954 288 4037 plicarent
316 3956 434 4040 frigida
465 3958 724 4042 excogitaverunt
755 3958 977 4022 Brouhhusius
1008 3958 1050 4044 (p.
1074 3958 1149 4044 313)
1172 3960 1250 4023 Bur-

134 4109 335 4121 -.—..—..--—.

219 4208 245 4274 ·)
262 4209 307 4263 lta
323 4210 464 4282 Hauptlus
482 4213 639 4268 Muellerus.
