2760 4680
1206 257 1225 318 7

100 419 298 504 exemplaris
318 418 368 483 sui
390 419 577 504 adscripsit,
608 418 694 486 unde
723 420 873 485 librarius
904 441 959 486 eos
990 442 1061 487 oum
1090 426 1226 488 omissos

100 539 175 586 esse
189 521 397 605 existimaret,
419 523 453 586 in
473 522 656 587 continuum
672 543 822 588 versuum
838 523 982 589 ordinem
997 525 1115 610 recepit
1129 532 1226 609 atque

101 623 146 688 ad
167 623 256 688 illam
279 623 501 708 praecedentis
523 644 635 691 versus
658 623 727 712 (54)
750 625 1031 710 interrogationem
1060 648 1131 692 cum
1162 647 1226 711 qua

100 724 208 809 specie
240 726 469 810 consentirent,
504 726 660 810 adjunxit.
711 727 794 792 Hinc
824 728 961 794 molesta
992 729 1051 795 illa
1078 730 1225 814 repetitio

100 827 285 894 verborum:
308 827 376 894 (loa
391 830 499 912 vestis,
514 848 667 915 perversa
682 829 740 893 illa
755 829 1014 914 interrogationis
1029 831 1225 896 continuatio

99 935 272 1013 ceteraque
295 931 403 997 omnia
428 950 511 1013 quae
533 928 686 998 hocloco
708 930 889 1016 offendunt,
920 932 1074 1016 originem
1097 934 1226 1000 duxero.

99 1031 230 1110 Quanto
259 1030 374 1098 melius
409 1039 517 1099 autem
549 1033 725 1100 sententiae
758 1034 1021 1119 progrediantur,
1055 1035 1081 1100 si
1114 1055 1226 1101 versus

99 1135 175 1200 illos
197 1134 371 1220 ejiciemus,
392 1134 463 1223 ipse
485 1136 560 1202 licet
582 1136 762 1221 adspicias:

203 1237 325 1302 Aurum
348 1243 492 1322 spectato
514 1258 579 1303 non
602 1258 684 1322 quae
706 1259 821 1303 manus
844 1238 975 1305 afferrat
997 1261 1126 1323 aurum,

123 1426 127 1431 ,
257 1339 401 1406 versibus
423 1340 543 1406 auditis
566 1342 644 1424 qnid
667 1341 729 1406 nisi
752 1341 852 1407 verba
876 1342 985 1408 feres?

204 1441 265 1520 oui
287 1461 399 1508 versus
423 1443 509 1509 Oeae
531 1442 656 1510 dederit
678 1464 737 1509 nec
758 1464 892 1510 munera
914 1444 1013 1510 vestis

254 1542 347 1611 istius
369 1545 427 1610 tibi
451 1546 492 1610 sit
516 1546 613 1612 surda
637 1546 706 1612 sine
728 1565 803 1612 aere
824 1547 904 1632 lyra.

187 1645 280 1724 Quae
302 1666 373 1712 cum
396 1648 442 1712 ita
465 1647 538 1731 sint,
560 1648 616 1712 rix
637 1655 742 1732 potest
764 1647 896 1713 dubium
919 1667 998 1731 esse,
1021 1647 1097 1731 quin
1113 1667 1224 1713 versus

100 1751 229 1813 ὃδὴ-56
250 1768 308 1833 pro
330 1755 439 1815 vetere
461 1746 628 1835 archetypi
650 1749 898 1834 interpolatione
921 1749 984 1814 sint
1006 1749 1156 1815 habendi.

536 1852 593 1936 111,
619 1855 666 1937 18,
692 1856 792 1918 1-4.

204 1954 255 2018 Tu
275 1954 418 2038 loqueris
440 1974 511 2019 cum
535 1955 579 2019 sis
597 1955 670 2038 jam
692 1960 768 2037 noto
791 1955 902 2020 fabula
924 1954 1005 2019 libro

255 2062 287 2122 et
308 2062 363 2123 tua
385 2058 427 2122 sit
448 2063 515 2123 toto
538 2056 677 2143 Cynthia
698 2058 783 2143 'eta
806 2057 900 2123 foro?

205 2158 264 2224 Oui
286 2179 350 2225 non
372 2158 423 2225 his
445 2160 550 2226 verbis
573 2160 667 2244 adspr
736 2167 748 2224 t
769 2166 914 2245 tempora
937 2159 1056 2225 sudori

255 2267 312 2326 ant
332 2263 436 2348 pudor
456 2262 614 2346 ingenuus
636 2242 651 2327 ε’
750 2262 894 2328 ticendus
917 2282 1016 2328 amor.

185 2363 292 2430 Verba
315 2365 448 2431 secundi
471 2364 598 2431 distichi
620 2365 660 2457 in..
717 2364 918 2452 aSoaligero
941 2379 1042 2448 usqne
1065 2364 1108 2428 ad
1124 2364 1224 2430 Lach-

98 2486 254 2532 mannum
276 2467 323 2532 sic
344 2468 547 2552 legebantur:

205 2568 264 2634 Oui
286 2590 351 2636 non
373 2569 423 2636 his
445 2571 551 2636 verbis
573 2569 751 2655 adspergat
773 2576 919 2655 tempora
940 2578 1033 2637 surdo

255 2679 312 2738 aut
332 2673 436 2757 pudor
457 2672 616 2758 ingenuus
639 2679 694 2738 aut
716 2673 898 2739 reticendus
920 2673 1033 2737 amor?

187 2772 280 2854 Quod
311 2793 506 2859 quamquam
537 2775 766 2842 Lachmannus
796 2781 827 2841 et
857 2774 1002 2840 codicum
1034 2776 1223 2842 auctoritate

100 2881 133 2942 et
162 2882 293 2963 propter
320 2897 433 2943 sensus
463 2876 683 2943 difficultatem
712 2876 828 2943 falsum
858 2898 928 2944 esse
951 2878 1223 2963 comprobaverat,

100 2985 210 3045 tamen
231 2980 351 3063 extitit,
384 2978 438 3062 qui
460 2980 655 3047 defenderet.
699 2981 928 3064 Hertzbergius
950 2980 1036 3046 enim
1059 2978 1106 3067 (in
1128 2981 1224 3046 inter-

99 3082 282 3167 pretatione
311 3083 496 3166 germanica
523 3086 602 3148 1837
626 3105 656 3168 p.
675 3083 749 3169 117)
771 3083 822 3147 his
844 3083 989 3149 versibus
1019 3089 1148 3168 poetam
1179 3085 1224 3149 sie

99 3185 283 3268 loquentem
306 3184 444 3250 inducit:
475 3185 546 3268 quis
569 3192 618 3250 est
639 3192 708 3250 tam
730 3185 859 3269 surduS,
883 3185 934 3250 eui
956 3205 1020 3249 non
1042 3191 1100 3250 aut
1120 3186 1224 3271 pudor

99 3288 257 3370 ingenuus
280 3292 336 3352 aut
358 3286 539 3353 reticendus
561 3308 649 3353 amor
671 3296 816 3374 tempora
839 3288 1038 3372 adspergat?
1076 3288 1140 3353 Sed
1162 3289 1224 3372 pri-

99 3409 189 3453 mum
205 3391 470 3456 constructionem
486 3391 576 3455 illam
600 3392 665 3469 „cui
688 3412 752 3457 non
775 3439 900 3457 .....
924 3389 1034 3455 surdo‘
1056 3411 1114 3475 pro
1137 3391 1224 3473 „quis

99 3496 150 3557 est
164 3496 232 3557 tam
248 3493 371 3578 surdus,
394 3494 445 3558 cui
459 3514 524 3558 non
546 3543 644 3562 .....
650 3498 662 3527 “
688 3495 722 3558 in
745 3495 806 3557 lrac
829 3492 1037 3558 collocatione
1053 3493 1222 3558 verborum

100 3613 196 3660 nemo
218 3593 300 3661 forre
322 3602 443 3681 potest3
474 3596 589 3662 deinde
620 3596 779 3678 objectum
807 3594 1009 3660 desideratur
1040 3615 1101 3678 quo
1125 3595 1222 3660 alieni

100 3702 247 3781 tempora
269 3698 421 3782 adspergi
444 3697 654 3783 significatum
686 3705 766 3763 tum:
797 3717 886 3762 emor
912 3696 1093 3762 reticendus
1125 3697 1223 3763 alicui

100 3807 246 3885 tempora
277 3800 458 3885 adspergit,
494 3822 570 3865 num
601 3801 703 3865 latine
736 3799 798 3864 dici
830 3800 933 3883 possit
964 3799 1060 3865 valde
1096 3799 1222 3884 dubito3

101 3902 240 3985 denique
262 3902 370 3988 aptius
390 3922 502 3969 versus
525 3905 609 3966 3-4
631 3902 735 3968 amieo
758 3918 853 3984 quem
876 3900 1061 3985 Propertius
1087 3901 1148 3966 sibi
1171 3902 1223 3968 ob-

102 4005 282 4087 loquentem
312 4004 403 4088 faeit,
435 4024 531 4089 quam
561 4010 678 4090 poetae
707 4004 770 4089 ipsi
800 4005 997 4087 tribuuntur,
1028 4003 1082 4085 qui
1112 4004 1221 4087 quinto
1346 4080 1349 4085 ,

101 4107 229 4172 demum
257 4127 353 4173 versu
388 4107 452 4172 illis
489 4106 669 4192 opprobriis
707 4106 888 4191 respondet.
944 4105 1052 4184 Quare
1079 4125 1145 4170 non
1173 4112 1222 4172 cst

99 4207 231 4275 dubium
238 4261 245 4294 ‚
283 4209 360 4293 quin
389 4209 616 4276 Lachmannus
646 4207 710 4296 (ed.
728 4212 809 4274 1816
833 4230 864 4295 p.
882 4207 971 4294 184),
1007 4213 1043 4274 ut
1075 4208 1221 4295 plurimis
