2760 4680
1218 275 1257 336 23

115 436 196 507 huo
226 439 337 504 fahula
359 440 547 526 Argynnunr
579 442 660 506 mari
690 448 833 506 morsum
851 440 982 506 finxisse
1009 447 1041 507 et
1064 443 1182 507 Paetus
1205 442 1260 508 ille

103 542 218 608 'mari
241 543 371 609 obrutus
394 544 437 627 (v,
463 541 530 629 12):
602 605 604 610 .

237 664 322 710 nuno
343 643 402 708 tibi
423 664 481 730 pro
504 645 624 710 tumulo
648 644 860 730 Carpathium
882 664 976 712 omne
998 665 1087 713 mare
1110 652 1166 713 est,

96 772 99 777 ·
129 751 164 813 et
187 747 288 812 verba
310 746 383 831 ipsa
406 767 518 812 versus
541 751 597 812 21:

96 852 99 859 '
311 856 384 915 sunt
406 850 677 933 Agamemnonias
699 850 853 916 testantia
876 858 967 917 litora
990 870 1083 916 ouras

130 951 365 1017 demonstrant.
401 952 450 1017 Ab
475 951 534 1016 hao
556 957 663 1017 autem
679 951 810 1018 fabulae
826 952 1057 1036 compositione
1072 953 1258 1018 testimonia

87 1086 91 1139 ¹:
129 1061 278 1120 veterum
301 1054 505 1139 seriptorum,
537 1075 620 1137 quae
648 1055 777 1138 quidem
798 1054 891 1119 nohis
913 1062 1099 1140 supersunt,
1128 1076 1258 1140 prorsus

87 1160 95 1221 ζ’
129 1156 336 1222 dissentiunt.
379 1156 427 1221 Ao
449 1157 666 1222 vetustissima
696 1157 828 1222 fabulae
857 1158 975 1223 mentio
998 1158 1041 1222 ad
1065 1158 1260 1223 Phanoolem

129 1259 269 1324 refertur
298 1259 480 1324 testimonio
505 1259 679 1325 Clementis
702 1259 914 1324 Alexandrini
942 1261 976 1324 in
1002 1260 1195 1344 protreptioo
1219 1263 1258 1324 32

129 1361 187 1446 (of.
208 1361 324 1425 Baohii
346 1361 527 1444 fragmenta
551 1361 696 1427 Philotae
719 1362 994 1428 Hermesianaotis
1017 1361 1187 1429 Phanoolis
1210 1361 1259 1428 ed.

129 1463 241 1530 Halae
260 1466 341 1528 1829
363 1485 394 1548 p.
409 1463 503 1548 204):

224 1570 404 1651 Φανοκλῆς
426 1567 462 1631 δὲ
485 1565 522 1631 ἐν
538 1559 680 1652 Ἔρωσιν
702 1559 722 1651 ἢ
742 1571 868 1640 Καλοῖς
892 1563 1020 1652 ἱστορεῖ
1038 1558 1260 1652 Ἀγαμέμνονα

130 1662 392 1754 τῶνἙλλήνων
407 1669 546 1748 βασιλέα
560 1662 769 1754 Ἀργυννίδος
784 1663 873 1732 νεοίν
893 1659 1085 1755 Ἀφροδίτης
1100 1667 1259 1734 ἵστασθαι

131 1763 187 1838 ἐπ’
207 1762 378 1857 Ἀργύννω
400 1775 449 1857 τῷ
473 1770 639 1858 ἐρωμένῳ.

129 1873 188 1938 uhi
211 1881 321 1938 tamen
344 1873 383 1938 de
405 1880 507 1939 morte
523 1872 669 1958 Argynni
690 1871 770 1937 nihil
792 1871 930 1938 additur.
966 1873 1154 1938 Aaouratius
1176 1872 1260 1938 hano

131 1974 281 2040 fabulam
304 1976 467 2060 explioant
490 1975 672 2042 Athenaeus
695 1973 798 2060 (XIII,
822 1977 862 2038 80
885 1996 915 2059 p.
931 1977 994 2039 doe
1009 1974 1077 2061 D.):

216 2068 440 2162 Ἀγαμέμνονα
463 2078 498 2143 δὲ
519 2070 702 2164 Ἀργύννου
725 2077 912 2164 ἐρασθῆναι
929 2074 1040 2164 λόγος,
1063 2074 1180 2144 ἰδόντα
1203 2078 1259 2144 ἐπὶ

130 2183 185 2265 τῷ
213 2183 357 2266 Κηφισῷ
388 2177 575 2266 νηχόμενον
606 2179 642 2244 ἐν
672 2167 701 2264 qi
730 2182 787 2244 καὶ
815 2177 1063 2265 τελευτήσαντα
1091 2171 1195 2247 αύτόν
1217 2219 1260 2229 -

131 2287 283 2366 συνεχως
311 2279 373 2369 γάρ
404 2283 441 2348 ἐν
470 2287 519 2367 τῷ
549 2286 691 2368 ποταμῷ
722 2279 834 2368 τούτῳ
862 2275 1050 2348 ἀπελούετο
1078 2281 1259 2369 -θάψας

131 2383 248 2450 εἵσατο
271 2387 329 2450 καὶ
352 2382 445 2471 ἱερὸν
468 2376 591 2451 αὐτόθι
610 2377 805 2471 Ἀφροδίτης
824 2376 1043 2472 Ἀργυννίδος.

131 2494 166 2553 et
188 2486 373 2572 Stephanus
396 2488 573 2572 Byzantius
595 2487 643 2553 ed.
666 2486 1088 2554 Meineokiussserol.184ll
1111 2490 1134 2572 Ι,
1161 2493 1235 2554 114:

218 2581 419 2677 Ἀργύννυον
442 2643 594 2655 .......
620 2587 726 2676 (ἱερὸν
746 2581 940 2677 Ἀφροδίτης
963 2589 999 2655 ἐν
1021 2591 1171 2677 Βοιωτίη
1184 2591 1259 2656 Mei-

131 2693 270 2758 neolrius
300 2693 333 2756 in
364 2693 570 2758 adnotatione
600 2691 740 2778 supplet)
762 2686 945 2779 ’Ἀργυννος
975 2689 1046 2768 υἱός
1069 2694 1259 2779 Πεισιδίκης

131 2799 191 2881 τῆς
218 2790 400 2871 Λεύκωνος
430 2798 492 2860 τοῦ
519 2786 726 2880 Ἀθάμαντος
757 2798 819 2859 τοῦ
849 2790 1008 2876 Σισύφου
1037 2797 1100 2859 τού
1127 2791 1258 2860 Αἰόλου

132 2894 303 2983 ἐρόμενος
322 2889 564 2983 Ἀγαμέμνονος
585 2893 740 2974 Βοιωτός
763 2887 799 2972 ὃς
822 2887 931 2962 άνιούν
954 2896 999 2972 εἰς
1022 2893 1084 2962 τόν
1102 2895 1258 2983 Κηφισόν

132 3004 276 3090 τελευτᾷ
299 2991 356 3083 άφ’
379 2989 421 3064 οὗ
439 2992 634 3086 Ἀργυννίδα
656 2996 719 3084 την
738 2989 935 3084 Ἀφροδίτην
957 2997 1097 3084 ἐτίμησε.

131 3123 174 3167 ex
198 3103 312 3185 quihus
335 3102 465 3168 flumine
488 3101 644 3186 Cephisso
666 3103 855 3185 Argynnum
885 3119 1025 3166 mersum
1055 3120 1126 3166 esso
1149 3101 1257 3165 olaris-

132 3204 216 3269 sirne
239 3205 350 3271 elucet.
387 3207 561 3270 Praeterea
584 3202 729 3286 ejusdem
744 3202 875 3268 fabulae
890 3202 1081 3269 Plutarchus
1096 3203 1129 3267 in
1144 3202 1257 3287 Gryllo

132 3307 326 3372 montionem
350 3307 429 3372 taoit
451 3304 514 3393 (ed.
537 3305 728 3372 Duebnerus
750 3305 885 3371 Parisiis
910 3308 988 3370 1841
1013 3307 1053 3389 Π,
1075 3326 1107 3389 p.
1126 3303 1237 3388 1212):

219 3403 253 3473 ‘0
276 3400 306 3474 δ’
322 3400 532 3495 Ἀγαμέμνων
562 3405 625 3494 τήν
648 3409 819 3474 Βοιωτίαν
850 3408 978 3493 ἐπῆλθε
1007 3411 1166 3493 κυνηγῶν
1196 3403 1258 3472 τόν

125 3507 315 3596 Ἄργυννον
338 3505 577 3596 ὑποφεύγοντα
607 3511 663 3575 καὶ
685 3506 980 3595 καταψευδόμενος
1002 3513 1061 3595 τῆς
1084 3505 1258 3596 θαλάσσης
1354 3566 1358 3571 .

134 3614 191 3677 καὶ
220 3617 292 3678 των
318 3610 534 3698 πνευμάτων
549 3609 619 3679 εἶτα
650 3609 757 3679 καλόν
784 3616 897 3689 καλῶς
928 3609 1053 3678 ἑαυτὸν
1085 3613 1258 3693 βαπτίζων

136 3716 181 3791 εἷς
204 3712 265 3800 τὴν
281 3715 438 3782 Κοπαΐδα
462 3717 583 3803 λίμνην
607 3710 652 3794 ὡς
675 3709 799 3781 αύτόθι
820 3716 1037 3796 κατασβέσων
1060 3711 1123 3780 τόν
1147 3712 1258 3801 ἐ’ρωτα

134 3817 192 3880 καὶ
214 3820 271 3902 τῆς
293 3817 473 3903 ἐπιθυμίας
496 3810 782 3902 ἀπαλλαξόμενος.

136 3919 227 4002 eujus
249 3919 464 3985 testimonium
486 3926 658 4005 propterea
685 3919 743 3985 hoo
765 3921 835 3986 looo
858 3920 1003 4004 adhibui,
1034 3918 1111 4003 quia
1134 3919 1257 3983 Brouk-

136 4020 246 4086 husius
269 4021 374 4086 verbis
396 4026 553 4110 κυνηγῶν
584 4064 625 4072 -
657 4019 859 4107 πνευμάτων
882 4023 1070 4107 Argynnum
1102 4021 1184 4086 mari
1206 4021 1258 4086 ob·

135 4128 239 4187 rutum
262 4125 462 4209 comprobari
484 4124 653 4190 adnotavit
675 4146 707 4210 p.
722 4127 793 4190 246.

221 4225 287 4291 Sed
315 4225 487 4313 partieipia
517 4227 575 4292 illa
604 4229 762 4314 κυνηγοόν
784 4227 841 4292 καί
862 4221 1155 4312 καταψευδόμενος
1182 4244 1256 4304 oum
