2760 4680
214 175 254 272 11

211 379 267 445 sed
301 379 327 443 si
350 374 574 462 conjungimus
599 374 713 459 „litora
734 378 804 444 an
826 365 970 463 Hyrcani
993 380 1109 444 111111α
1136 378 1338 462 adjectivum

212 482 320 560 ,an“
338 481 437 565 plane
460 501 693 565 supervacuum
713 489 769 565 est,
792 483 982 566 praesertim
1007 502 1078 547 oum
1094 483 1210 549 verba:
1236 483 1339 568 Phry-

210 584 283 666 giae
308 584 413 649 undae
435 584 469 647 in
491 584 637 668 proximo
659 604 754 650 versu
777 585 982 668 praecedant,
1005 586 1053 650 ita
1075 597 1109 649 ut
1132 586 1171 650 de
1195 586 1266 649 alia
1290 606 1339 651 re·

208 686 301 768 gione
331 692 428 769 atque
454 686 494 752 de
517 685 647 751 Oriente
678 687 810 770 cogitari
840 693 987 768 nequeat.
1032 688 1082 753 111
1113 688 1228 769 quibus
1252 689 1338 752 satis

211 787 323 871 elucet,
346 794 469 870 quanta
491 788 531 852 sit
553 789 686 853 offensio
709 789 742 852 in
765 809 829 854 111
851 809 942 854 voce:
972 797 1057 854 nota.
1374 780 1378 789 “

294 891 362 956 Nec
384 891 490 956 minus
512 891 643 956 offendit
666 892 846 974 conjunctio
876 892 1123 976 particularum:
1157 892 1228 974 jam
1252 912 1339 956 1111

209 992 243 1057 11
266 1013 360 1059 versu
385 996 431 1059 19.
475 994 559 1058 Nam
583 1013 653 1058 cum
677 1013 773 1058 sensu
796 994 927 1059 minime
950 995 1127 1078 quadrant,
1158 996 1237 1076 quia
1262 1016 1339 1059 nus·
1375 996 1378 1033 ²

210 1115 309 1177 quam
331 1095 371 1160 de
393 1102 479 1160 certo
502 1095 642 1178 quodam
664 1101 806 1180 tempore
822 1096 936 1161 dicitur
959 1097 1003 1160 ad
1018 1097 1104 1180 quod
1123 1096 1207 1179 „jam
1225 1102 1333 1161 nunc“

208 1197 430 1282 referripossit
453 1199 524 1263 Huc
533 1198 665 1282 accedit,
682 1198 768 1281 quod
776 1200 864 1284 apud
872 1200 1073 1283 Propertium
1085 1199 1145 1264 hae
1154 1199 1338 1284 particulae
1375 1204 1378 1209 '

207 1320 371 1382 nunquam
394 1301 582 1383 conjunctae
604 1301 824 1384 inveniuntur,
859 1320 1054 1383 quamquam
1085 1302 1242 1366 alterutra
1267 1322 1339 1367 sae
1376 1366 1378 1371 .

209 1402 342 1485 pissimo
372 1403 496 1485 legitur.
541 1401 650 1480 Quid?
695 1403 780 1485 quod
810 1404 925 1469 ambae
952 1403 1133 1488 particulae
1156 1403 1242 1468 idem
1267 1403 1337 1468 fere
1371 1436 1378 1445 .,

209 1503 391 1586 significant
413 1510 445 1569 et
467 1505 647 1590 promiscue
670 1525 690 1568 a
712 1506 817 1588 poetis
840 1505 1059 1590 usurpantur?

294 1607 454 1672 Maximae
476 1626 551 1672 vero
566 1606 781 1687 ⁸difficultates
804 1614 973 1691 sequentes
996 1628 1107 1673 versus
1129 1607 1299 1673 exhibent:

362 1709 520 1794 Spargere
543 1717 574 1774 et
596 1710 722 1774 alterna
744 1729 928 1776 communes
950 1711 1050 1776 caede
1071 1716 1207 1796 penates

439 1817 470 1877 et
492 1811 575 1877 ferro
598 1813 640 1876 ad
663 1812 786 1896 patrios
809 1814 955 1896 praemia
978 1813 1049 1876 dira
1072 1814 1167 1878 lares

293 1915 379 1979 Nam
401 1933 598 1992 „communes
619 1919 771 1998 penates“
798 1921 829 1979 et
847 1916 991 1995 ,alterna
1012 1914 1130 1980 caede“
1157 1913 1338 1978 contortius

208 2016 414 2098 dictumest,
437 2035 535 2098 quam
558 2022 591 2078 ut
614 2037 635 2080 a
656 2015 831 2099 Propertio,
867 2018 1015 2099 quamvis
1037 2017 1136 2081 durus
1159 2016 1335 2099 aitpoeta,

209 2119 353 2203 profecta
383 2138 456 2183 esse
485 2117 628 2183 arbitror.
673 2116 756 2195 Quin
787 2118 882 2183 etiam
914 2119 971 2183 illa
994 2119 1094 2184 verba
1123 2119 1220 2203 plane
1249 2118 1336 2182 inter

209 2241 245 2286 se
275 2226 461 2305 repugnant
504 2219 638 2285 Alterna
675 2221 759 2286 enim
796 2221 895 2286 caede
933 2221 965 2284 in
1001 2220 1061 2284 hoc
1098 2220 1336 2286 sententiarum

208 2343 294 2388 nexu
321 2341 385 2405 quo
414 2315 520 2407 potest
549 2322 659 2388 referri
689 2322 752 2386 nisi
781 2323 824 2388 ad
847 2324 1045 2407 Propertium
1077 2330 1107 2388 ot
1131 2321 1335 2407 Cynthiam?
1358 2308 1376 2401 ‚¹

209 2445 323 2510 nempe
345 2424 386 2490 de
408 2424 489 2488 aliis.
505 2425 613 2490 nullus
636 2443 739 2489 sermo
762 2431 819 2489 est.
863 2425 986 2490 Eodem
1005 2425 1155 2489 nimirum
1171 2423 1336 2508 pertinent

209 2528 322 2593 verba:
345 2545 528 2591 communes
550 2531 686 2610 penates
707 2547 867 2611 spargere.
910 2528 1116 2610 Intellegisne
1139 2546 1202 2609 quo
1223 2546 1335 2592 amen-

209 2630 273 2694 tiae
296 2628 479 2713 Propertius
507 2648 697 2712 progressus
719 2629 775 2713 sit,
804 2629 962 2712 siquidem
991 2629 1063 2693 illos
1086 2649 1198 2694 versus
1229 2630 1261 2694 ei
1283 2630 1336 2694 tri·

208 2732 366 2796 boemus?
388 2730 432 2795 At
447 2731 545 2796 aliam
569 2730 865 2816 interpretationem
882 2732 1108 2797 Lachmannus
1130 2729 1174 2816 (p.
1190 2731 1334 2816 208-9)

209 2833 357 2918 protulit:

218 2939 220 2943 ’
294 2936 516 3020 interpretatio
539 2935 740 3001 Lachmanni
818 2935 917 3000 verba
941 2936 1101 3001 codicibus
1124 2935 1245 3000 tradita

294 3058 370 3102 num
393 3038 451 3103 tibi
474 3035 579 3103 adhuc
601 3037 691 3103 sedet
819 3059 896 3102 num
913 3037 987 3120 jam
1008 3059 1092 3103 1111
1113 3057 1213 3122 paras

294 3161 355 3205 nos
376 3140 431 3222 qui
453 3161 518 3205 una
541 3140 680 3205 viximus
820 3160 1005 3206 communes
1027 3146 1161 3224 penates

294 3243 379 3309 bello
402 3249 434 3308 11
456 3243 580 3307 alterna
602 3243 649 3306 tui
822 3243 948 3308 alterna

294 3344 499 3427 hostiumque
522 3344 621 3409 caede
824 3344 922 3417 caede

294 3446 472 3512 divellere?
822 3447 1000 3530 spargere?

274 3549 345 3612 Iam
367 3568 441 3613 vero
464 3548 491 3613 si
513 3554 629 3632 poetae
645 3548 743 3613 verba
765 3568 837 3612 cum
853 3548 1115 3632 interpretatione
1130 3549 1337 3617 Lachmanni
1376 3594 1378 3599 -

211 3649 421 3734 comparabis,
441 3651 531 3716 illam
554 3651 684 3734 plenam
707 3651 867 3716 audaciae
889 3657 921 3714 et
936 3670 1077 3715 errorum
1093 3671 1164 3716 esse
1178 3651 1335 3720 invenies.

211 3753 324 3834 Neque
353 3753 438 3817 enim
465 3751 549 3834 ,jam
576 3773 660 3817 nunc
686 3757 802 3838 paras“
829 3753 916 3817 idem
937 3759 986 3817 est
1009 3760 1121 3835 atque:
1144 3753 1250 3818 adhuc
1272 3755 1336 3820 tibi

209 3854 301 3920 sedet
322 3873 429 3936 neque
454 3874 656 3934 „communes
671 3860 823 3940 1111111α
849 3855 896 3919 111
910 3861 1015 3939 potest
1029 3855 1171 3938 intellegi
1186 3863 1220 3919 ut
1236 3856 1336 3939 signi-

210 3956 298 4023 ficet:
327 3977 386 4020 nos
415 3957 469 4037 qui
493 3976 557 4020 una
579 3957 685 4024 adhue
708 3958 855 4022 viximus.
900 3957 1047 4039 Denique
1074 3977 1238 4039 nunquam
1262 3977 1337 4042 per-

210 4059 360 4124 suadebit
382 4057 619 4142 Lachmannus,
640 4060 674 4125 in
697 4080 736 4124 ea
759 4079 844 4142 quae
866 4059 917 4123 hic
939 4064 1045 4123 exstat
1067 4059 1235 4125 verborum
1258 4078 1333 4124 oon-

205 4159 386 4242 junctione:
424 4160 527 4226 caede
558 4161 683 4243 aliquid
712 4179 871 4245 spargere·
896 4160 1028 4225 uerbum
1058 4161 1232 4246 spargendi
1265 4163 1334 4226 vim
