2760 4680
128 279 169 345 22

127 465 168 512 ex
203 445 322 510 verbis:
360 444 513 510 minantis
552 464 657 527 aquae
689 450 940 510 Athamantiadae
977 444 1131 527 excussit,
1168 443 1259 526 inge-

127 549 221 613 niosa
236 547 365 630 quidem
387 546 587 630 conjectura,
610 546 667 612 sed
689 553 756 611 eta
779 545 922 611 codicum
947 546 1105 630 scriptura
1126 545 1257 628 longius

131 656 257 715 remota
280 656 311 715 et
334 648 377 713 ad
400 669 528 714 sensum
558 669 623 713 non
646 650 727 714 satis
749 653 836 731 apta.
879 647 967 712 Nihil
997 647 1080 712 enim
1103 647 1258 713 hocloco

130 753 236 836 refert,
251 773 327 816 num
340 752 512 836 Argynnus
525 749 732 815 Athamantis
747 769 906 835 pronepos
922 751 972 833 sit,
984 750 1041 814 sed
1052 750 1258 816 desideratur

128 855 306 920 accuratior
328 853 500 937 descriptio
528 853 639 917 mortis
662 853 770 937 Paeti;
800 858 968 935 praeterea
990 854 1076 934 quod
1099 853 1132 917 in
1155 851 1256 917 hexa-

127 964 228 1022 metro
244 961 335 1035 ,sunt
346 956 515 1020 testantia“
530 976 587 1039 pro
601 954 738 1038 simplici
750 954 854 1019 forma
865 957 1058 1039 „testantur“
1070 960 1256 1045 usurpatur,

88 1100 91 1106 ·
129 1080 195 1124 non
218 1059 320 1123 solum
341 1058 493 1141 languide
515 1063 547 1122 et
568 1058 714 1142 prosaice
734 1056 854 1121 dictum
876 1063 933 1141 est,
956 1057 1076 1122 sedne
1099 1077 1171 1122 curn
1194 1077 1257 1120 usu

129 1162 258 1244 quidem
290 1160 448 1244 Propertii
478 1160 641 1244 convenit,
665 1159 785 1243 quippe
808 1159 862 1240 qui
890 1159 1037 1224 brevitati
1062 1159 1169 1243 prodas
1191 1166 1256 1223 stu-

129 1264 214 1329 deat.
259 1261 382 1340 Quibus
406 1262 553 1327 omnibus
576 1261 736 1327 sententia
758 1266 869 1325 nostra
891 1261 987 1327 valde
1010 1261 1192 1345 adjuvatur.

212 1365 363 1447 Sequitur
400 1377 434 1428 ut
472 1363 630 1446 quomodo
669 1364 814 1449 Argynni
857 1363 987 1428 fabulae
1022 1363 1144 1428 mentio
1182 1386 1255 1429 cunr

126 1467 280 1552 proximis
302 1466 449 1533 versibus
465 1465 642 1549 cohaereat,
665 1485 770 1550 pauca
792 1466 957 1531 disseram.
991 1464 1062 1542 Qua
1078 1466 1112 1530 in
1126 1487 1161 1532 re
1178 1466 1254 1549 jam

128 1570 246 1635 Batavi
278 1569 418 1634 editores
442 1568 600 1652 Propertii
630 1573 715 1633 recte
738 1568 898 1651 viderunt,
928 1568 992 1632 illis
1015 1568 1162 1633 versibus
1185 1587 1256 1634 sen·
1325 1647 1327 1651 .

127 1672 299 1737 tertiarum
326 1691 444 1736 nexum
475 1671 571 1754 plane
598 1671 796 1754 interrumpi.
840 1668 924 1746 Quid
951 1671 1035 1735 enim
1059 1669 1120 1735 sibi
1142 1672 1255 1735 volunt

128 1793 224 1839 curae
254 1773 331 1839 illae
353 1773 619 1856 Agamemnonis,
649 1773 689 1838 de
719 1773 834 1855 quibus
866 1773 1002 1857 principi
1031 1774 1101 1838 loco
1132 1773 1253 1837 dictum

127 1881 184 1959 est,
206 1895 277 1940 oum
300 1876 407 1960 potius
430 1894 495 1958 qua
518 1876 552 1939 in
573 1895 608 1940 re
630 1876 775 1959 Argynni
799 1895 885 1939 mors
914 1875 956 1939 ad
986 1876 1137 1941 miseram
1159 1875 1254 1940 Paeti

127 1978 288 2043 fortunam
332 1978 490 2062 pertineat
533 1977 759 2059 explicandum
805 1978 878 2066 sit‘l
933 1979 1015 2042 'Pum
1049 1998 1113 2059 quo
1150 1999 1256 2057 paena

128 2080 276 2164 Argynni
291 2079 459 2145 referenda
483 2079 525 2143 sit
542 2079 666 2162 nescio,
687 2099 847 2162 nusquam
870 2082 954 2145 enim
978 2079 1018 2144 de
1032 2080 1125 2144 Paeti
1147 2097 1254 2163 poena

128 2202 198 2246 cum
231 2201 296 2263 qua
325 2182 381 2246 illa
411 2180 594 2265 comparari
623 2181 726 2265 possit
756 2181 875 2246 dictum
906 2187 968 2264 est3
998 2188 1029 2246 et
1058 2186 1144 2245 recte
1173 2180 1254 2245 illud

128 2282 276 2366 quidem,
297 2303 373 2347 nam
397 2283 584 2349 stultissime
608 2283 727 2366 egisset
747 2291 844 2367 poeta
868 2285 895 2349 si
917 2284 951 2348 in
973 2305 1010 2350 eo
1026 2283 1167 2348 camnine
1189 2302 1253 2364 quo

127 2389 261 2447 mortem
284 2383 376 2448 Paeti
399 2383 590 2467 deploraret,
611 2384 652 2450 de
675 2385 770 2468 culpa
793 2385 864 2467 ejus
886 2406 950 2468 qua
972 2390 1106 2450 mortem
1128 2385 1254 2468 meruit,

126 2485 224 2550 verba
254 2485 392 2549 fecisset.
436 2486 537 2549 Immo
560 2506 624 2549 non
648 2486 760 2569 Paete,
793 2486 850 2551 sed
879 2488 1036 2571 pecuniae
1067 2487 1129 2571 ipsi
1157 2493 1253 2569 poeta

120 2585 194 2669 jam
217 2587 330 2671 primis
352 2587 497 2652 versibus
520 2607 646 2652 omnem
669 2589 780 2653 mortis
804 2590 931 2673 culpam
953 2588 1072 2654 tribuit.
1099 2604 1102 2609 ·

229 2689 314 2771 Ergo
336 2689 494 2753 sollicitae
517 2695 551 2754 tu
574 2708 674 2755 causa
695 2691 833 2775 pecunia
856 2692 957 2756 ritae!
1039 2774 1042 2783 .

280 2810 338 2875 per
360 2797 392 2856 te
414 2791 619 2856 immaturum
643 2793 753 2858 mortis
776 2793 904 2858 adimus
927 2794 996 2859 iter.

228 2896 279 2957 Tu
301 2893 436 2958 Paetum
459 2893 501 2958 ad
523 2892 657 2958 Pharios
680 2895 864 2960 tendentem
886 2895 986 2960 lintea
1008 2901 1119 2978 portus

282 2995 389 3060 obruis
411 2995 526 3060 insano
548 3001 659 3078 terque
682 3002 859 3079 quaterque
882 2997 973 3063 mari.

228 3097 313 3161 Nam
337 3096 413 3160 dum
435 3103 467 3162 te
490 3097 633 3181 sequitur
655 3114 720 3182 seq.

211 3199 288 3263 Jam
310 3218 385 3264 vero
408 3198 589 3265 Lindnerus
611 3199 761 3287 (annales
783 3200 859 3285 phil.
877 3201 916 3283 X,
940 3201 1024 3285 837),
1046 3221 1117 3265 cunr
1141 3220 1253 3266 versus

127 3303 263 3363 21-22
292 3301 457 3385 Propertio
486 3301 653 3367 vindicare
683 3302 837 3387 studeret,
873 3322 928 3368 ecs
958 3312 1031 3388 post
1054 3323 1179 3368 versum
1210 3308 1251 3366 40

126 3403 383 3488 transponendus
413 3423 484 3469 esse
514 3405 646 3483 censuit.
690 3404 754 3470 Sed
784 3405 861 3487 quid
883 3405 917 3469 in
943 3406 998 3470 illo
1021 3405 1251 3471 sententiarum

126 3524 213 3570 nexu
235 3504 412 3589 significent
435 3525 565 3589 prorsus
587 3527 651 3572 non
673 3507 877 3591 intellegitur.
921 3509 992 3572 lllie
1013 3509 1098 3573 enim
1119 3507 1159 3572 de
1174 3526 1251 3571 nau-

126 3608 230 3693 fragio
247 3608 442 3674 Graecorum
465 3608 505 3674 de
527 3609 613 3675 ricta
629 3609 729 3692 Troja
752 3611 952 3676 redeuntium
976 3616 1007 3675 et
1029 3609 1069 3674 de
1092 3609 1251 3674 erroribus

126 3711 230 3776 Ulixis
252 3712 370 3794 agitur,
402 3716 437 3774 ut
466 3716 576 3776 contra
605 3711 703 3777 maris
733 3712 870 3777 insidias
900 3732 1003 3795 neque
1034 3712 1251 3777 fortitudinem

126 3832 230 3894 neque
258 3812 350 3878 dolos
378 3811 503 3895 aliquid
534 3813 643 3879 velere
670 3814 911 3880 demonstretur.
963 3815 1000 3879 In
1030 3815 1102 3896 tali,
1130 3813 1251 3897 opinor,

76 4000 80 4006 Δ
127 3934 249 3979 conexu
280 3933 384 3996 neque
419 3933 515 3979 curae
545 3915 796 3998 Agamemnonis
826 3935 930 3998 neque
960 3916 1132 4001 Argynnus
1164 3935 1250 3998 aqua

127 4011 249 4080 mersus
272 4017 371 4081 ullum
394 4017 498 4080 locum
522 4016 649 4082 habent.
1053 4096 1056 4101 g

211 4119 304 4184 Nunc
320 4119 376 4184 illa
393 4119 463 4183 sola
486 4119 632 4202 quaestio
656 4124 763 4203 restat,
785 4118 842 4184 sed
865 4139 905 4184 ea
927 4121 979 4185 vel
1001 4119 1193 4203 gravissima
1217 4125 1251 4182 ut

128 4217 168 4283 de
197 4226 383 4304 argumento
414 4220 545 4287 fabulae
574 4221 646 4306 ipsc
676 4221 885 4307 disputemus.
937 4223 1134 4310 Propertium
1165 4221 1250 4288 enim
