2760 4680
1211 306 1251 369 25

130 481 161 540 et
176 473 324 559 Veneris)
348 474 455 539 deberi
476 474 607 539 minime
628 474 817 541 invidemus.
861 476 959 540 Recte
982 481 1089 540 autem
1105 474 1252 558 Ungerus

130 575 294 662 (analecta
324 576 493 643 Philetaea
522 583 554 642 et
583 578 794 662 Propertiana
831 577 1131 662 Neubrandenburg
1171 581 1250 643 1850

129 699 159 762 p.
185 678 245 764 18.)
268 687 379 745 contra
402 680 487 745 illius
515 679 809 765 interpretationem
835 680 1000 765 disputare
1025 679 1103 745 mihi
1126 681 1252 747 videtur

130 802 200 846 cum
224 781 326 847 dicat:
356 782 502 848 Laudem
525 783 689 848 doctrinae
712 782 906 848 metiendam
929 803 1001 848 esse
1024 803 1088 847 non
1111 783 1251 849 audacia

128 884 269 966 tingendi
284 885 340 950 sed
362 886 521 950 rationum
536 885 765 969 probabilitate
781 906 862 968 quas
878 892 1005 950 secutus
1020 891 1117 969 poeta
1132 906 1251 951 novam

83 1026 86 1031 ν
129 993 160 1050 et
181 986 363 1052 inauditam
387 987 530 1052 fabulam
554 987 719 1053 induxisse
741 987 898 1053 videatur.

214 1089 359 1154 Eandem
390 1090 582 1155 sententiam
612 1090 786 1155 Mauricius
816 1091 978 1173 Hauptius
1008 1091 1172 1175 profitetur
1195 1093 1251 1174 qui

128 1191 160 1254 in
184 1191 427 1273 quaestionibus
450 1192 670 1276 Propertianis
692 1191 812 1278 (opusc.
835 1192 876 1275 Il,
891 1213 921 1276 p.
937 1191 992 1278 60)
1015 1192 1109 1257 dicit:
1138 1211 1251 1258 caven·

129 1293 205 1357 dum
221 1313 291 1359 esse
314 1312 354 1358 ne
370 1294 569 1378 Propertium
589 1294 740 1360 obscuras
764 1293 891 1359 fabulas
907 1300 1049 1360 secutum
1073 1299 1130 1360 aut
1145 1295 1250 1378 negle-

127 1402 239 1480 genter
260 1395 390 1461 diversa
405 1397 630 1480 promiscuisse
649 1397 826 1463 credamus.
872 1397 953 1462 Cum
970 1396 1085 1480 quibus
1101 1395 1250 1478 equidem

128 1518 258 1583 prorsus
289 1499 458 1564 consentio.
518 1500 583 1564 Cur
617 1501 702 1564 enirn
735 1501 934 1584 Propertium
964 1521 984 1564 a
1014 1500 1109 1563 solita
1140 1498 1250 1562 fabula

129 1600 305 1666 decessisse
327 1606 359 1666 et
381 1602 558 1683 quamlibet
589 1620 707 1666 novam
729 1602 895 1666 induxisse
918 1601 1137 1666 existimemus
1159 1601 1251 1683 cujus

128 1722 167 1766 ne
190 1703 275 1767 ratio
297 1703 427 1786 quidem
451 1725 505 1768 cur
527 1703 567 1768 sit
589 1703 773 1786 excogitata
796 1703 863 1767 ulla
886 1702 1063 1787 probabilis
1085 1704 1196 1769 extet?

213 1806 301 1871 Idem
329 1805 497 1871 dicendum
524 1811 573 1872 est
603 1806 643 1871 dc
665 1824 770 1890 poena
792 1807 935 1870 natantis
957 1806 1103 1890 Argynni
1126 1804 1171 1890 (v.
1187 1805 1250 1892 22),

129 1909 169 1973 de
192 1928 257 1990 qua
279 1907 357 1972 nihil
379 1907 469 1992 apud
490 1913 615 1974 veteres
632 1908 801 1993 scriptores
823 1908 946 1992 legitur,
968 1908 1014 1973 ita
1036 1913 1070 1972 ut
1086 1927 1157 1973 eam
1174 1928 1249 1991 quo·

128 2030 189 2093 que
218 2009 362 2074 fabulam
393 2010 593 2094 Propertium
624 2017 837 2077 commentum
871 2031 943 2077 esse
980 2016 1162 2077 statuamus
1195 2031 1249 2077 ne·

129 2132 217 2179 cesse
240 2113 289 2176 sit.

214 2214 280 2280 Sed
296 2215 369 2297 jam
393 2215 473 2279 satis
494 2214 534 2280 dc
548 2214 749 2297 Hertzbergii
770 2216 901 2299 ineptiis
917 2215 1035 2281 dictum
1060 2221 1117 2280 est.
1153 2216 1249 2299 Equi-

128 2318 199 2383 dem
216 2317 358 2401 profecto
382 2318 409 2381 si
432 2316 598 2382 considero
621 2317 750 2400 quantis
766 2316 1006 2383 difficultatibus
1028 2319 1249 2400 grammaticis

127 2420 172 2484 illi
195 2439 307 2484 versus
329 2419 484 2503 laborent,
507 2425 704 2505 quantopere
726 2441 746 2486 a
770 2419 1001 2485 sententiarum
1023 2439 1109 2485 nexu
1131 2420 1249 2487 discre-

127 2529 211 2606 pent,
234 2542 331 2605 quam
353 2543 418 2587 non
440 2523 551 2588 fabula
573 2523 645 2607 ipsa
668 2543 739 2589 cum
762 2543 801 2588 ea
831 2542 936 2587 rerum
959 2523 1142 2589 narratione
1164 2544 1248 2607 quae

128 2625 216 2708 apud
235 2629 357 2689 'omnes
384 2625 464 2690 alios
495 2626 664 2710 scriptores
694 2626 824 2708 legitur,
853 2631 1019 2709 congruat,
1049 2625 1155 2691 facere
1185 2648 1248 2691 non

126 2747 271 2810 possum,
303 2727 380 2809 quin
410 2747 430 2790 a
459 2728 625 2812 Propertio
655 2747 711 2792 eos
741 2727 977 2810 abjudicandos
1006 2733 1038 2792 et
1067 2749 1124 2812 pro
1155 2728 1248 2793 inter-

127 2830 291 2913 polatione
322 2829 402 2894 satis
437 2828 566 2911 quidem
595 2847 748 2914 perversa
777 2834 809 2895 et
838 2829 955 2895 audaci
983 2828 1149 2895 habendos
1178 2850 1248 2896 esse

127 2950 285 2997 censeam.

212 3034 292 3099 Inde
321 3039 427 3099 autem
456 3033 716 3118 interpolatorem
748 3034 925 3119 profectum
954 3053 1025 3100 esse
1055 3034 1190 3118 conjicio
1215 3040 1249 3099 ut

128 3137 276 3219 querelas
301 3141 418 3221 poetae
447 3136 488 3202 de
509 3136 630 3220 juvene
658 3154 744 3218 aqua
773 3156 877 3201 merso
909 3137 1058 3222 exemplo
1087 3137 1152 3203 alio
1182 3137 1250 3202 scil.

128 3240 267 3322 querelis
301 3240 554 3322 Agamemnonis
584 3239 623 3305 de
653 3239 807 3324 Argynno
839 3259 924 3322 aqua
952 3260 1056 3305 merso
1088 3240 1249 3324 explicare

127 3342 233 3425 vellet,
255 3341 335 3405 satis
357 3341 443 3406 malo
458 3342 616 3426 Propertii
631 3341 809 3407 doctrinam
832 3341 1082 3426 mythologicam
1098 3343 1250 3427 imitatus,

128 3443 246 3527 quippe
270 3443 323 3526 qui
339 3444 527 3529 Argynnum
541 3445 574 3508 in
596 3443 727 3510 flumine
739 3445 893 3530 Cephisso
909 3444 1074 3510 lavantem
1089 3445 1249 3511 interiissc

127 3546 297 3629 ignoraret.
347 3548 419 3612 Huc
449 3546 545 3612 ctiam
575 3565 731 3612 conexum
761 3545 947 3613 haerentem
977 3552 1009 3612 et
1038 3548 1123 3630 quod
1153 3568 1248 3614 curae

128 3649 204 3713 illae
225 3647 476 3732 Agamemnonis
502 3649 605 3734 primo
627 3649 697 3714 loco
728 3657 1018 3717 commemorantur
1048 3650 1248 3717 referendum

128 3770 198 3815 esse
219 3750 364 3817 arbitror.
408 3750 586 3834 Sequentes
609 3757 716 3817 autem
740 3771 851 3817 versus
874 3753 915 3818 ab
940 3753 1003 3817 alio
1019 3754 1248 3837 interpolatore

129 3850 257 3915 additos
279 3871 349 3918 esse
372 3853 545 3918 verisimile
567 3858 624 3937 est,
646 3854 701 3936 qui
723 3873 795 3918 cum
811 3854 956 3939 Argynni
978 3853 1161 3938 exemplum
1186 3874 1247 3937 quo

129 3959 301 4036 spectaret,
330 3953 483 4037 nesciret,
511 3960 617 4020 cetera
647 3974 729 4037 quae
757 3957 855 4039 plane
882 3955 1023 4020 absurda
1046 3962 1119 4020 sunt
1141 3954 1248 4019 conf·

128 4052 256 4118 bulatus
277 4060 333 4119 est.

90 4233 94 4239 ὁ
118 4186 125 4201 ·
213 4155 289 4219 Jam
312 4157 457 4229 versibus
480 4158 544 4223 illis
566 4157 679 4241 ejectis
701 4180 764 4224 non
792 4160 893 4224 solum
917 4160 1091 4226 sententias
1114 4162 1248 4226 celerius

130 4275 256 4324 currere
278 4258 403 4328 videbis
424 4259 482 4328 sed
504 4260 603 4328 etiam
625 4260 724 4327 rerba
746 4281 858 4328 versus
880 4263 936 4327 25:
968 4262 1111 4344 ,reddite
1133 4283 1248 4348 corpus

1250 4426 1295 4493 f'
