2760 4680
1215 252 1253 311 13

128 432 206 502 gere
230 412 331 485 oaedo
354 422 503 502 penates,
531 418 679 502 praemia
701 416 773 482 dira
803 417 846 481 ad
877 417 999 501 patrios
1026 418 1110 483 lares
1136 420 1253 484 rotorro

128 521 170 586 de
193 522 316 587 lemine
340 521 426 585 nullo
450 519 543 586 modo
566 528 699 604 possunt
714 520 778 585 ‹lioi
794 519 856 585 nisi
872 519 952 585 forto
969 519 1141 604 Cynthium
1157 523 1252 585 Ama-

128 644 214 689 zona
238 623 415 689 existimas.
459 622 524 687 Sed
546 630 580 688 ut
601 622 790 689 recedamus
814 622 933 687 abillo
956 630 1155 707 argumento,
1178 644 1250 705 quo·

126 727 219 791 niam
243 745 355 791 versus
377 727 501 788 19-22
524 725 733 809 interpolatos
756 744 826 791 esse
848 725 933 788 infra
956 724 1254 807 demonstrabimus,

126 834 240 893 tamen
262 840 373 893 versus
399 829 522 891 13-18
553 828 596 892 ad
619 827 793 912 Cynthium
823 826 901 891 nihil
924 827 1096 912 pertinent,
1133 829 1253 912 quippe

127 949 228 1012 quam
260 949 423 996 sermones
458 929 624 995 hominurn
656 930 753 1015 plane
782 928 1011 1013 oontempsisse
1033 937 1130 1013 poeta
1152 931 1252 995 dolet:

126 1033 168 1115 II,
192 1036 222 1116 5,
247 1035 339 1116 1-2,
362 1034 503 1096 att-30:

284 1152 356 1217 Hoo
378 1158 519 1218 verumst
540 1157 609 1215 tota
631 1158 663 1216 te
685 1151 761 1217 ferri
785 1151 923 1237 Cynthia
945 1153 1049 1216 Roma

362 1262 394 1320 et
416 1274 480 1319 non
502 1254 612 1336 ignota
634 1255 743 1319 vivere
766 1254 931 1337 nequitia?

286 1355 388 1422 Crede
408 1356 487 1421 mihi
510 1364 643 1437 quumvis
666 1368 840 1422 contemnor
862 1379 1017 1422 murmuro
1035 1364 1151 1436 soraee,

359 1457 413 1524 hie
434 1459 492 1524 tibi
514 1459 630 1543 pallori
653 1457 795 1545 Cynthia
818 1480 931 1525 versus
952 1460 1021 1524 erit.

217 1577 332 1661 Neque
353 1579 461 1645 Keilio
484 1579 626 1644 assentio
650 1579 705 1660 qui
736 1584 780 1663 (p.
803 1581 858 1659 24)
882 1580 1082 1662 Propertium
1114 1579 1162 1643 lris
1185 1598 1252 1643 ver-

129 1680 221 1745 sibus
243 1679 278 1744 id
300 1687 466 1767 speotasse
495 1680 739 1765 interpretatur,
771 1687 805 1745 ut
829 1680 1002 1764 Oynthiam
1032 1701 1173 1746 amorem
1204 1681 1252 1744 sui

130 1780 335 1864 abjicientem
364 1785 508 1848 retineat.
552 1783 636 1848 Nam
665 1783 720 1848 vix
750 1790 799 1848 est
828 1782 992 1866 eredibile,
1023 1782 1194 1867 Cynthium
1225 1784 1253 1846 si

129 1903 274 1949 amorem
302 1891 418 1969 poetae
445 1884 586 1967 abjioere
616 1885 727 1967 vellet,
760 1892 920 1949 extremas
950 1891 1051 1949 terras
1081 1887 1251 1967 petituram

129 1984 241 2069 fuisse,
264 1988 455 2070 praesertim
478 2006 548 2052 oum
571 2006 697 2070 semper
719 1987 809 2051 illam
831 1987 935 2052 lovem
951 2007 989 2051 ao
1012 1986 1167 2070 perfidam
1182 2007 1252 2052 osso

128 2093 229 2171 poeta
250 2089 397 2173 plurimis
419 2089 499 2154 loois
521 2089 663 2172 queritur
685 2089 772 2154 velut
793 2090 818 2171 Ι,
845 2094 890 2171 15,
915 2093 1012 2154 1-2:

287 2208 392 2293 Saepe
415 2228 474 2293 ego
495 2210 596 2273 multa
617 2215 692 2273 tuae
714 2209 856 2273 levitatis
880 2210 960 2274 dura
984 2208 1136 2273 timebam

361 2310 423 2375 hae
444 2318 552 2376 tamen
575 2317 713 2395 excepta
736 2309 876 2394 Cynthia
899 2310 1042 2393 perfidia.

216 2430 324 2495 Aliam
355 2431 546 2496 sententiam
568 2431 796 2512 Hertzbergius
820 2431 862 2514 (p.
880 2429 955 2515 200)
984 2429 1165 2514 proposuit,
1198 2432 1252 2512 qui

128 2537 261 2623 poetam
290 2552 398 2597 seoum
429 2534 661 2616 colloquentem
688 2534 782 2615 faoit,
815 2553 908 2615 quern
938 2533 1084 2614 sequitur
1111 2532 1251 2596 Drenok-

129 2632 272 2698 hahnius
294 2633 383 2721 (aeta
406 2635 509 2700 Berol.
531 2656 561 2719 p.
584 2634 669 2720 267).
714 2635 778 2699 Sed
801 2655 912 2701 versus
938 2638 1077 2698 13—142

283 2755 352 2818 Ista
373 2760 464 2819 tenes
485 2754 560 2818 lieet
581 2759 734 2818 aeonsent
756 2753 977 2818 oonviviaduri

360 2877 419 2920 nos
441 2857 535 2920 modo
558 2856 765 2939 propositum,
788 2865 857 2933 otto,
882 2864 1023 2920 teramus
1046 2856 1113 2920 iter.

130 2975 213 3040 satis
235 2975 471 3059 demonstrant,
500 2974 580 3039 haeo
609 2975 708 3040 verba
731 2974 774 3039 ad
797 2975 897 3039 alium
922 2974 1041 3056 seripta
1064 2993 1150 3056 esse,
1180 2994 1250 3036 oum

129 3097 225 3143 nemo
246 3076 306 3142 hoo
328 3077 423 3142 modo
453 3078 523 3162 ipse
556 3096 662 3141 seeum
692 3076 899 3158 colloquatur.
942 3077 1032 3141 Haeo
1055 3096 1117 3139 non
1140 3075 1249 3138 dubito

130 3181 208 3262 quin
231 3199 330 3246 eausa
358 3180 453 3244 fuerit
477 3185 531 3243 our
547 3178 727 3243 Lindnerus
754 3176 971 3264 (Fleokeiseni
994 3178 1128 3241 annales
1151 3176 1251 3261 philo-

129 3281 226 3365 logioi
250 3284 311 3346 vol.
335 3283 367 3346 X
389 3303 419 3365 p.
443 3280 519 3364 836)
541 3300 612 3345 oum
635 3280 834 3364 Hertnbergii
857 3281 1049 3346 sententiam
1072 3285 1251 3344 sustentare

130 3384 282 3467 studeret,
304 3402 416 3448 versus
441 3386 808 3467 13-1sp0stve1sum
825 3386 864 3447 36
881 3383 1085 3447 collocandos
1100 3387 1251 3446 oensorot.

130 3485 197 3551 Sed
214 3486 291 3568 quid
312 3486 345 3550 in
369 3486 423 3551 illo
447 3485 675 3550 sententiarum
700 3504 786 3550 nexu
808 3505 1006 3550 morosorum
1030 3504 1140 3550 senum
1164 3484 1250 3549 diota

131 3587 195 3652 sibi
216 3588 326 3672 velint,
357 3609 428 3653 oum
454 3587 494 3652 de
524 3586 687 3651 amoribus
709 3586 802 3652 Joris
825 3593 857 3651 et
879 3587 919 3652 de
941 3587 1064 3651 ohoreis
1087 3586 1249 3650 Musarum

130 3695 245 3773 agatur
268 3691 417 3774 equidem
440 3710 491 3755 me
514 3689 664 3772 ignorare
687 3689 845 3756 confiteor.

216 3793 362 3876 Denique
385 3792 591 3858 Heimreiohii
615 3794 807 3858 sententiam
839 3811 1050 3857 oommemoro
1073 3791 1127 3871 qui
1150 3795 1250 3853 totum
1367 3852 1370 3857 .

128 3912 258 3959 carmen
288 3915 328 3961 ex
358 3901 508 3977 quattuor
537 3894 663 3958 laciniis
687 3899 834 3959 oonstare
862 3893 1079 3979 pronuntiavit
1115 3891 1250 3976 (quaost.

130 3997 224 4081 Prop.
245 4017 276 4080 p.
301 3995 454 4083 18—19):
485 3982 597 4062 versus
623 3999 745 4058 11—12
776 4017 918 4080 pannum
942 3995 1092 4061 carminis
1114 4013 1185 4058 esse
1208 3995 1249 4058 ad

130 4099 268 4164 amioum
291 4101 416 4185 soripti,
456 4101 578 4164 13-18
615 4099 828 4181 fragmentum
859 4099 982 4183 elegiae
1013 4097 1055 4161 ad
1078 4095 1248 4180 Cynthium

129 4202 257 4286 missae,
279 4224 308 4268 r.
333 4206 466 4287 19-22,
488 4223 516 4268 v.
539 4204 664 4266 23-40
694 4201 831 4265 aliorum
861 4201 1037 4266 carminum
1059 4198 1249 4282 fragmenta.
