2760 4680
1210 226 1247 287 31·

128 384 203 457 Jam
232 413 308 459 vcro
341 413 412 458 cum
442 391 580 478 Cynthia
618 392 691 478 ipsa
728 392 937 458 reconciliata
971 392 1077 475 gratia
1107 395 1250 458 maxima

128 502 243 579 poetae
266 497 314 560 sui
337 496 456 561 amoris
480 497 574 578 signa
597 495 754 579 dedisset,
777 495 911 578 frigidus
933 515 1011 560 sane
1033 503 1159 560 amator·
1180 504 1250 560 erat

129 598 313 681 Propertius
336 599 363 662 si
382 605 415 662 ut
438 598 573 680 benigne
595 599 700 681 ipsum
725 598 887 682 exciperet
910 597 1053 681 apuella
1075 599 1250 681 petivisset.

128 701 242 781 ltaque
279 707 365 765 reete
395 699 580 764 Fischerum
615 699 779 782 judicasse
814 701 951 764 arbitror
988 697 1125 784 (quaest.
1157 701 1250 784 Prop.
1349 684 1353 691 ⁵

127 823 157 886 p.
183 802 320 888 10-11)
343 802 428 884 qued
450 823 513 866 non
536 807 570 865 ut
593 802 669 866 felix
692 801 792 885 fieret,
824 802 881 867 sed
903 807 938 865 ut
961 802 1087 866 fortuna
1110 803 1251 867 secunda

128 904 255 969 stabilis
272 912 363 968 esset
385 911 501 988 poetae
524 904 698 988 optandum
722 904 821 969 fuisse
843 904 1075 988 pronuntiavit,
1101 905 1150 968 vel
1173 904 1250 968 ima·
1341 900 1344 905 ’

127 1006 210 1088 ginis
226 1007 332 1071 verbis
344 1013 378 1071 ut
390 1013 476 1071 utar:
500 1007 613 1090 minus,
635 1012 669 1070 ut
692 1026 807 1071 navem
829 1006 886 1071 illa
902 1013 996 1090 portu
1010 1006 1173 1090 reciperet,
1195 1007 1251 1071 sed

128 1114 162 1173 ut
185 1110 279 1173 navis
302 1116 371 1174 tuta
393 1111 426 1173 in
449 1130 486 1174 eo
510 1116 602 1194 portu
626 1117 813 1174 remaneret.

213 1213 326 1294 Neque
349 1213 453 1295 magis
475 1212 574 1277 verba
605 1231 634 1277 v.
658 1215 783 1276 31-32
815 1213 856 1276 ad
886 1211 971 1277 hane
993 1212 1130 1294 elegiam
1157 1212 1251 1296 perti·

47 1335 51 1343 ·
128 1319 212 1377 nent.
257 1315 470 1379 Stultissimus
498 1315 583 1379 eninr
606 1321 691 1379 esset
714 1322 854 1398 amator,
884 1316 939 1396 qui
962 1315 1093 1378 vixdum
1124 1315 1158 1378 in
1180 1334 1250 1395 gra·
1314 1312 1320 1325 “

129 1414 206 1478 tiam
229 1416 358 1499 puellae
389 1423 535 1500 receptus
558 1416 684 1480 discidii
714 1416 865 1480 instantis
895 1419 1089 1481 mentionem
1121 1417 1250 1499 faceret,

129 1517 211 1580 sicut
233 1524 339 1582 noster
361 1518 481 1583 verbis:

284 1620 398 1701 quodsi
420 1620 501 1685 forte
524 1622 636 1702 aliqua
658 1620 750 1684 nobis
773 1620 938 1684 mutabere
961 1620 1065 1704 eulpa.

216 1719 286 1796 Qua
309 1722 350 1787 de
367 1742 468 1787 eausa
484 1723 525 1786 ab
541 1722 603 1786 hac
618 1722 722 1805 elegia
738 1723 811 1786 illos
827 1742 938 1786 versus
953 1722 1163 1787 removendos
1179 1742 1250 1786 esse

10 1876 12 1880 .
131 1841 253 1887 censeo.
297 1823 410 1889 Utrum
434 1830 543 1889 tarnen
566 1824 607 1889 ab
629 1824 860 1907 interpolatore
891 1824 955 1888 ficti
978 1844 1021 1887 an
1043 1825 1151 1907 potius
1173 1845 1250 1906 pars

130 1924 287 2008 deperditi
310 1926 458 1991 carminis
482 1926 622 1992 habendi
645 1925 715 2008 sint
739 1946 823 2008 quae
846 1932 895 1990 est
917 1925 1058 1990 Fischer-i
1082 1927 1269 2008 sententia,¹
1317 1918 1322 1925 ’

132 2033 215 2092 certo
238 2028 410 2109 dijudicari
432 2031 557 2111 nequit,
588 2029 673 2110 quod
702 2029 735 2092 in
758 2028 864 2092 verbis
887 2028 1018 2092 offensio
1040 2027 1130 2091 nulla
1152 2028 1249 2107 inest3

130 2134 274 2193 attamen
297 2131 324 2194 si
346 2131 604 2214 probabilitatem
628 2129 858 2194 sententiarum
881 2129 1079 2210 quaerimur,
1102 2130 1250 2219 equidem

129 2231 366 2315 interpolatoris
389 2251 505 2314 operae
528 2232 648 2315 quippe
679 2231 728 2295 cui
751 2251 880 2295 carmen
912 2232 1052 2295 nondum
1075 2231 1251 2314 perfeetum

130 2334 305 2417 videretur,
328 2334 387 2399 hos
410 2353 521 2399 versus
544 2333 726 2398 adscribere
749 2333 859 2398 malim
883 2353 980 2415 quam
1002 2334 1077 2398 novi
1100 2333 1251 2397 carminis

130 2435 346 2519 fragmentum
370 2455 553 2519 agnoscere.

543 2541 600 2623 ΙΠ,
626 2541 671 2622 ts,
695 2541 839 2602 27-30.

234 2639 340 2704 Parvo
363 2640 475 2705 dilexit
498 2641 605 2724 spatie
627 2639 770 2705 Minoida
792 2639 938 2704 Theseus

285 2742 434 2824 Phyllida
456 2742 665 2826 Demophoon
687 2742 804 2827 hospes
827 2748 960 2824 uterque
984 2743 1097 2807 malus.

232 2843 306 2909 Jam
329 2844 387 2909 tibi
409 2844 545 2909 Jasonia
567 2850 675 2909 notast
697 2845 813 2910 Medea
835 2845 944 2908 carina

283 2952 315 3012 et
337 2947 431 3011 mede
454 2952 581 3011 servate
605 2946 674 3010 sola
697 2945 808 3010 relicta
830 2945 907 3009 viro.

216 3048 334 3113 Versus
357 3051 497 3112 28-29
520 3048 645 3113 duabus
675 3046 875 3130 potissimum
902 3047 942 3111 de
965 3047 1072 3112 causis
1094 3046 1126 3110 in
1150 3047 1251 3129 suspi-

132 3150 254 3215 cionem
285 3152 413 3216 voeavit
440 3149 673 3216 Heimreichius
702 3151 829 3232 (Novae
852 3155 973 3231 quaest.
995 3150 1088 3234 Prop.
1110 3148 1251 3233 Symbol.

131 3273 161 3334 p.
184 3252 276 3339 680),
304 3257 442 3339 primum
469 3253 555 3335 quod
577 3274 640 3317 non
663 3259 874 3336 congruerent
897 3272 967 3316 cum
990 3251 1100 3315 sabula
1122 3251 1177 3332 III,
1203 3255 1252 3333 14,

135 3358 267 3419 11-12
291 3357 468 3440 explicata:

235 3457 390 3524 Colchida
411 3459 456 3524 sie
479 3459 594 3544 hospes
617 3458 777 3540 quondam
802 3457 927 3542 decepit
949 3456 1051 3521 Jason

284 3562 409 3645 ejectae
431 3563 532 3628 tenuit
553 3582 693 3643 namque
716 3560 838 3626 Creusa
861 3561 997 3625 domum.

132 3663 247 3729 deinde
277 3666 362 3746 quod
386 3664 529 3730 Theseus
559 3663 676 3747 hospes
705 3663 822 3727 Minois
848 3662 933 3744 regis
961 3659 1071 3724 vocari
1102 3665 1250 3740 nequeat.

132 3767 174 3829 At
195 3787 259 3830 non
289 3766 329 3830 de
351 3766 450 3830 Minoi
479 3766 586 3848 agitur·
616 3765 674 3829 sed
704 3764 744 3828 de
766 3762 914 3826 Minoide.
964 3760 1114 3825 Minoidis
1142 3766 1250 3824 autem

132 3868 249 3951 hospes
270 3867 416 3933 Theseus
438 3868 550 3932 eodem
572 3867 648 3950 jure
670 3865 778 3931 vocari
806 3870 926 3948 potest,
957 3883 1019 3945 quo
1041 3862 1250 3946 Demophoon

134 3969 290 4053 Phyllidis
304 3969 422 4054 hospes
436 3969 560 4036 dicitur.
597 3969 633 4033 cf.
656 3966 942 4045 Ovid.he1·eid.lI,
967 3971 993 4031 1.
1016 3970 1065 4031 57.
1089 3967 1157 4029 los.
1183 3968 1251 4028 147.

133 4071 246 4154 Neque
268 4079 448 4156 repugnant
471 4072 570 4138 verba
592 4091 664 4136 eum
694 4069 800 4134 solita·
819 4068 929 4134 tabula
960 4067 1130 4132 dummodo
1163 4066 1252 4146 „sola

133 4173 261 4239 relicta“
274 4194 346 4257 pre:
369 4175 505 4258 deserta,
515 4175 644 4258 prodita
658 4172 810 4258 accipias.
837 4170 965 4255 Optime
980 4175 1088 4236 autem
1104 4175 1246 4233 nestrum
1276 4210 1277 4217 κ
