2760 4680
1365 168 1376 277 t

204 223 244 283 3o

204 392 282 472 sint,
319 390 373 471 qui
404 388 582 453 imitatione
612 388 739 470 genuini
778 387 900 452 exordii
932 388 1127 453 sententiam
1164 392 1198 451 et
1233 384 1336 451 rerba
1369 380 1376 447 ’.ἶ

203 499 320 574 poctac
343 491 527 575 duplicavit.
1374 474 1376 481 ’

629 592 684 673 lH,
708 595 734 672 6,
761 595 906 656 11—12:

360 698 401 760 At
423 696 498 759 dum
521 693 673 758 demissio
697 696 832 778 supplex
855 693 1030 759 cervicibus
1052 692 1139 757 ibam

435 797 580 861 dicebam
605 796 688 860 sicco
713 796 805 860 vilior
827 816 899 861 esse
921 798 1003 860 lacu.

288 899 441 965 Nicolaus
464 898 614 963 Heinsius
636 900 668 961 in
692 899 775 962 notis
804 899 920 964 criticis
944 898 986 960 ad
1009 897 1223 981 Propertium,
1247 915 1333 978 quae

204 1002 407 1066 Burmannus
447 1020 517 1064 cum
555 1000 664 1064 libello
687 999 757 1082 ejus
782 1000 1008 1079 ,adversaria“
1033 999 1185 1082 inscripto
1219 997 1334 1079 edidit,

204 1104 366 1188 Guyetum
390 1103 445 1185 qui
468 1121 578 1166 versus
600 1103 656 1182 Ill,
678 1105 705 1184 u,
731 1105 854 1164 11-12
878 1108 1042 1186 suspectos
1063 1100 1177 1165 habuit
1199 1099 1334 1165 refutat.

206 1207 325 1271 Contra
343 1205 508 1288 Gruppius
519 1205 552 1267 in
564 1204 644 1268 libro
661 1204 715 1286 qui
738 1204 1073 1286 inscribitu1·„Min0s“
1093 1205 1136 1288 (p.
1148 1182 1225 1288 509)
1237 1192 1333 1265 illurn

204 1307 415 1393 reprehendit,
438 1307 523 1389 quod
545 1327 609 1370 non
631 1312 754 1371 ceteros
777 1326 903 1390 quoque
926 1326 1037 1371 versus
1059 1325 1161 1387 usque
1192 1304 1238 1368 ad
1261 1322 1332 1368 vcr-

204 1432 273 1474 sum
297 1413 337 1473 22
361 1409 535 1491 ejiciendos
559 1410 715 1473 censuerit
738 1410 859 1494 quippe
882 1409 937 1492 qui
971 1428 1081 1473 omnes
1112 1407 1153 1472 ab
1186 1407 1332 1472 excitato

204 1518 320 1596 pinetae
343 1512 449 1576 animo
473 1511 527 1593 qui
549 1531 567 1574 e
589 1511 720 1593 reliquis
743 1512 888 1589 versibus
912 1516 1082 1596 appareat,
1112 1509 1165 1574 vel
1187 1509 1332 1573 maxime

78 1650 82 1657 ·
204 1615 404 1680 dissentiant.
447 1614 489 1676 At
505 1612 685 1696 Gruppium
709 1633 833 1678 errasse
856 1614 1011 1678 existimo.
1055 1613 1140 1677 Nam
1164 1631 1239 1676 cum
1262 1628 1351 1695 ver-¹

204 1717 292 1781 sibus
317 1718 440 1778 11-16
464 1720 561 1797 pocta
584 1715 782 1780 reconciliati
804 1716 923 1780 amoris
945 1715 1075 1798 gaudiis
1104 1712 1332 1798 praecedentis

204 1819 357 1901 temporis
378 1816 596 1882 infelicitatem
621 1826 776 1901 opponat,
800 1818 885 1900 quod
908 1812 1076 1882 humiliore
1099 1815 1213 1900 spiritu
1237 1815 1333 1879 mise·

204 1941 275 1985 ram
298 1921 516 1984 condicionem
539 1920 689 1984 describit
713 1922 785 2001 quis
807 1921 932 2001 estqui
955 1919 1108 1985 miretur?

291 2024 511 2086 Proxinrorum
535 2029 642 2086 antem
658 2042 806 2086 versuum
830 2042 985 2086 conexum
1007 2023 1053 2086 ita
1068 2025 1174 2085 tuetur
1189 2018 1333 2083 lacobus

207 2125 254 2210 (in
276 2124 439 2209 philologo
454 2125 494 2206 Il,
517 2145 548 2207 p.
564 2123 638 2208 462)
662 2131 697 2187 ut
719 2124 862 2207 longiore
885 2125 1079 2189 refutatione
1101 2142 1166 2187 non
1184 2122 1225 2186 sit
1242 2141 1333 2206 opus.

205 2228 360 2310 Majorem
384 2246 458 2291 vero
482 2226 693 2309 suspicionem
725 2227 838 2290 ultima
868 2226 1013 2309 ejusdem
1043 2225 1169 2307 elegiae
1192 2221 1333 2288 disticha

205 2339 346 2395 movent:
378 2351 405 2394 v.
429 2331 569 2392 29-32:

359 2432 452 2496 Nunc
475 2431 517 2495 ad
540 2437 571 2494 te
594 2451 666 2496 mea
689 2432 744 2495 lux
767 2432 877 2496 veniat
899 2450 972 2496 mea
994 2431 1086 2495 litore
1108 2429 1204 2493 navis

435 2540 564 2598 servata
587 2553 630 2596 an
653 2534 768 2598 mediis
791 2534 876 2598 sidat
899 2539 1014 2598 onusta
1037 2531 1158 2597 radis?

359 2633 478 2712 Quodsi
499 2635 579 2699 forte
602 2635 712 2717 aliqua
734 2636 825 2700 nobis
848 2636 1013 2702 mutabere
1036 2635 1131 2718 culpa

434 2737 626 2802 vestibulum
644 2737 776 2820 jaceam
800 2744 942 2803 mortuus
965 2745 1042 2803 ante
1062 2745 1161 2802 tuum.

206 2842 247 2905 ad
270 2857 354 2921 qnae
371 2838 445 2922 jam
460 2839 663 2904 Burmannus
684 2840 775 2906 hiare
799 2861 925 2906 sensum
949 2860 1008 2906 nee
1029 2841 1128 2904 libros
1151 2836 1331 2903 manuscri-

205 2951 276 3027 ptos
299 2962 357 3006 nec
381 2941 538 3024 Scaligeri
560 2943 857 3027 interpretationem
880 2963 947 3007 rem
970 2944 1065 3027 plane
1088 2943 1251 3007 illustrare
1275 2939 1331 3003 ad-

205 3051 375 3109 notaverat
404 3045 447 3130 (p.
471 3044 556 3128 361).
603 3046 715 3128 Neque
738 3052 811 3129 post
835 3046 1054 3110 Bur-mannum
1085 3044 1145 3108 riri
1168 3044 1257 3108 docti
1281 3063 1330 3108 co

205 3167 321 3212 nexum
345 3147 552 3231 probabiliter
583 3148 825 3231 expediverunt,
857 3168 928 3212 curn
946 3147 1018 3230 jam
1041 3147 1082 3212 de
1105 3147 1213 3212 verbis
1234 3166 1266 3211 r.
1290 3148 1330 3210 29

207 3249 364 3332 quomodo
388 3258 493 3314 essent
523 3251 722 3316 restituenda
754 3250 787 3313 in
811 3251 956 3316 diversas
985 3256 1094 3335 partes
1117 3249 1330 3315 discederent

206 3353 289 3416 Nolo
312 3358 421 3417 tamen
444 3372 654 3436 quaecunque
678 3353 783 3419 abiis
806 3354 906 3419 allata
931 3361 1003 3417 sunt
1025 3371 1208 3435 recoquere,
1229 3371 1331 3416 unam

206 3454 320 3518 Jacobi
343 3455 637 3538 interpretationem
661 3457 776 3521 afferre
792 3456 895 3539 liceat,
919 3457 973 3538 qui
997 3453 1131 3541 (pras)
1155 3453 1215 3519 hoc
1232 3453 1330 3518 modo

206 3557 362 3640 explicat:
396 3576 479 3621 nunc
502 3557 632 3636 quidem
655 3565 752 3640 poeta
775 3577 815 3623 ne
837 3558 870 3621 in
894 3558 1000 3623 medio
1024 3579 1118 3623 cursu
1140 3558 1230 3622 renti
1254 3555 1330 3622 defi·

207 3661 293 3724 ciant
323 3658 454 3723 secundi
491 3659 649 3740 navisque
687 3660 839 3725 subsistat
869 3665 900 3724 et
930 3668 1141 3725 commoretur
1170 3666 1331 3744 precatur.

206 3761 271 3825 Sed
300 3767 399 3826 rerba
425 3761 553 3840 ,veniat
576 3762 620 3826 ad
642 3767 673 3826 te
690 3781 762 3826 mea
784 3763 897 3826 navis‘
920 3783 985 3826 non
1007 3769 1142 3846 possunt
1164 3763 1261 3827 aliter
1285 3762 1331 3825 in·

205 3863 314 3944 tellegi
337 3869 434 3945 atque
470 3863 563 3928 navis
585 3884 656 3928 mea
687 3864 729 3928 ad
760 3872 792 3929 te
822 3865 969 3949 quasiflin
992 3870 1118 3948 portum
1148 3863 1331 3947 invehatur,

206 3965 240 4029 id
263 3966 345 4047 quod
369 3967 530 4030 contraria
553 3965 711 4031 sententia
735 3967 955 4032 confirmatur:

495 4089 538 4133 an
561 4069 646 4134 sidat
668 4068 783 4133 mediis
805 4069 908 4134 radis.

291 4171 444 4234 Precatur
466 4170 563 4252 igitur
585 4179 682 4255 poeta
704 4176 739 4234 ut
761 4171 870 4255 puella
892 4171 998 4256 ipsum
1020 4171 1158 4255 benigne
1177 4172 1330 4257 excipiat.
