2760 4680
126 221 167 285 32

125 393 228 458 locum
259 397 363 457 tuetur
385 384 519 458 Ovidius
549 384 603 475 qui
632 389 666 456 in
696 390 794 457 simili
823 411 947 457 conexu
974 386 1055 457 inter
1075 384 1248 477 puellasa

124 496 202 561 viris
225 495 376 579 deceptas
398 493 459 559 has
482 501 546 560 tres
569 495 666 560 refert
689 497 750 559 Ars
772 496 829 578 ΠΙ,
852 497 907 558 33:

226 604 405 663 Phasidiam
425 607 550 663 matrem
571 597 675 661 fallax
697 597 818 662 dimisit
837 597 911 661 Iaso

277 699 421 764 venitin
444 700 601 764 Aesonios
624 700 728 764 altera
750 706 851 783 nupta
874 706 970 763 sinus.

227 799 387 878 Quantum
409 800 443 864 in
465 805 497 865 to
520 799 648 866 Theseu
670 802 815 867 volucres
837 807 977 866 Ariadna
999 799 1142 863 marinas

276 902 367 986 pavit
389 903 421 967 in
443 903 552 985 ignoto
576 904 644 969 sola
667 903 780 969 relicta
804 903 888 968 loool

227 1004 354 1083 Quaere
375 1026 489 1071 novem
512 1025 567 1069 our
590 1026 654 1070 una
676 1006 751 1072 viae
774 1005 923 1072 dicantur
945 1010 977 1070 et
1000 1004 1075 1068 audi

276 1107 433 1193 depositis
456 1107 555 1172 silvas
579 1115 720 1189 Phyllida
741 1107 835 1175 flesse
857 1107 964 1173 comis

125 1211 240 1293 quibus
262 1210 422 1274 Didonem
445 1209 536 1274 addit
558 1232 587 1276 v.
603 1212 729 1274 39-40
752 1230 792 1276 ex
815 1210 957 1276 Aeneide
979 1215 1054 1274 tunc
1076 1207 1130 1292 (cf.
1149 1207 1246 1272 Trist.

123 1312 176 1376 lib.
192 1313 232 1394 ΙΙ,
256 1311 416 1396 533-36)
439 1311 656 1378 notissimam:

225 1415 266 1479 at
287 1413 408 1478 famam
431 1414 561 1498 pietatis
584 1414 688 1499 habet,
709 1421 817 1480 tamen
839 1413 958 1500 hospes
980 1419 1012 1480 et
1035 1433 1143 1478 ensem

276 1515 424 1600 praebuit
445 1523 477 1582 et
499 1536 633 1582 causam
656 1517 766 1582 mortis
789 1524 890 1583 Elissa
912 1525 997 1582 tuae.

208 1619 282 1682 Non
303 1624 352 1683 est
374 1619 504 1684 dubium
528 1620 605 1702 quin
628 1619 762 1685 Ovidius
790 1620 832 1683 ad
854 1618 938 1684 huno
960 1614 1118 1704 Propertii
1139 1617 1246 1681 locum

123 1720 307 1806 respexerit,
330 1721 518 1804 praesertim
541 1721 574 1786 in
596 1728 688 1786 tanta
709 1742 859 1787 versuum
884 1721 1107 1787 similitudine:

166 1823 258 1907 Prop.
282 1823 338 1904 ΙΙΙ,
364 1824 410 1904 19,
435 1826 484 1887 30.
508 1831 539 1888 et
562 1824 655 1889 modo
679 1831 806 1889 servato
828 1833 896 1890 colo
919 1832 1029 1891 rcl'ctc
1051 1823 1128 1886 viro.

165 1923 222 1990 Ov.
251 1925 313 1988 Ars
343 1925 405 2008 III,
437 1928 487 1991 36.
509 1926 599 2009 pavit
621 1926 655 1989 in
676 1925 785 2009 ignoto
807 1934 875 1991 sola
896 1934 1009 1992 relicta
1030 1926 1109 1990 loco.

123 2045 210 2109 cum,
240 2027 267 2090 si
297 2027 369 2109 quis
397 2047 437 2092 ex
460 2026 573 2092 Ovidio
600 2027 673 2092 illos
695 2048 807 2093 versus
830 2028 987 2112 Propertii
1009 2027 1247 2110 interpolasset,

124 2147 178 2192 cur
194 2129 374 2213 exemplum
389 2129 525 2212 Elissae,
547 2129 632 2211 quod
648 2128 782 2196 Ovidius
798 2130 863 2194 illis
878 2130 1011 2213 addidit,
1026 2130 1180 2194 omissum
1196 2129 1247 2211 sit,

49 2302 54 2315 ¹
124 2249 253 2296 oausam
276 2230 399 2295 nullam
422 2230 593 2296 inveniam.

544 2334 602 2418 III,
625 2337 673 2418 21,
696 2337 822 2400 9-20.

166 2436 194 2498 9.
226 2432 317 2511 Quae
339 2441 405 2499 tum
429 2454 489 2517 ego
511 2437 661 2520 Neptuno
684 2456 768 2518 quae
790 2442 857 2500 tum
879 2456 950 2501 oum
974 2436 1108 2502 Castore
1130 2434 1223 2498 tratri

276 2556 426 2620 quaeque
448 2537 507 2602 tihi
530 2539 641 2622 excepi
663 2545 729 2603 tum
753 2539 814 2604 dea
836 2538 1031 2604 Leucothoe!

225 2640 268 2702 At
290 2645 326 2703 tu
349 2640 404 2704 vix
425 2641 546 2724 primas
569 2641 725 2706 extollens
747 2642 873 2724 gurgite
895 2642 1023 2725 palmas

276 2760 375 2825 saepe
397 2762 502 2807 meum
525 2763 640 2808 nomen
657 2742 730 2826 jam
752 2744 896 2829 peritura
918 2762 1025 2808 vocas.

226 2839 347 2920 Quodsi
371 2843 451 2908 forte
473 2850 544 2909 tuos
565 2844 699 2910 vidisset
721 2844 865 2910 Glaucus
887 2845 1004 2910 ocellos

276 2965 364 3011 esses
387 2947 472 3011 lonii
493 2946 579 3011 facta
601 2947 711 3030 puella
733 2947 841 3013 maris.

225 3048 266 3111 Et
288 3048 347 3113 tibi
370 3049 409 3112 ob
431 3048 587 3114 invidiam
610 3049 766 3114 Nereides
788 3049 1024 3135 increpitarent,

276 3149 418 3214 candida
441 3151 569 3216 Nesaee
592 3151 721 3216 caerula
744 3151 928 3236 Cymothoe.

226 3251 290 3316 Sed
312 3252 370 3317 tibi
393 3253 537 3317 subsidio
559 3253 745 3337 delphinum
767 3274 892 3320 currere
913 3253 981 3343 ridi

277 3355 331 3436 qui
354 3361 430 3438 puto
453 3355 619 3419 Arioniam
643 3362 775 3421 vexerat
798 3363 873 3421 ante
894 3357 1006 3452 ipram.

224 3456 365 3538 Jamque
387 3477 446 3540 ego
469 3458 611 3523 conabar
633 3479 757 3523 summo
780 3478 830 3524 me
853 3458 978 3524 mittero
1001 3477 1082 3523 saxo

276 3580 347 3623 cum
371 3558 449 3624 mihi
472 3560 621 3625 discussit
642 3560 723 3625 talia
745 3560 815 3626 visa
838 3567 949 3626 metus

207 3660 376 3725 Neminem
399 3662 540 3745 effugere
562 3669 666 3746 potest
688 3683 841 3728 conexum
869 3661 981 3728 horum
1003 3683 1152 3728 versuum
1179 3682 1243 3726 non

123 3769 277 3827 constare.
314 3763 440 3828 Etenim
457 3769 604 3847 quaeest
626 3784 726 3830 causa
748 3785 802 3830 our
824 3771 920 3850 poeta
943 3785 1021 3830 saxo
1044 3784 1078 3830 se
1101 3763 1243 3847 dejiciat,

110 3864 282 3945 siquidem
297 3863 483 3949 delphinum
498 3867 625 3950 puellae
642 3867 763 3931 auxilio
786 3869 965 3933 venientem
988 3866 1093 3931 vidit?
1136 3864 1243 3943 Quare

123 3985 187 4029 non
210 3971 259 4031 est
281 3966 412 4030 dubium
436 3968 513 4050 quin
534 3968 766 4034 Heimreichius
789 3968 926 4055 (quaest.
942 3970 1033 4052 Prog.
1055 3991 1085 4052 p.
1101 3966 1243 4053 40-41)

123 4071 207 4132 recte
223 4065 435 4153 judicaverit,
464 4071 518 4153 qui
540 4090 652 4136 vorsus
678 4073 799 4136 17—18
824 4071 1035 4155 interpolatos
1057 4089 1128 4136 esse
1151 4069 1243 4135 dixit

122 4168 274 4235 Fortasse
304 4190 344 4236 ne
373 4173 603 4257 praecedentes
635 4173 763 4255 quidem
794 4193 906 4238 versus
935 4171 1090 4258 (13—16)
1120 4171 1243 4238 servari
