2760 4680
156 244 175 308 8

154 413 249 496 locis,
280 413 326 476 sio
347 409 407 475 hoc
429 428 555 493 quoque
576 409 646 474 loco
676 427 787 474 veram
816 413 932 491 poetae
963 407 1168 492 scripturam,
1199 404 1281 490 opti·
1318 473 1326 484 ,

156 535 278 579 66666
300 514 445 578 codicum
465 512 655 576 auctoritate
670 510 829 576 firmatam
845 510 1027 576 restituerit.
1063 510 1153 578 Idem
1168 514 1282 575 tamen

156 617 197 682 de
217 616 410 702 pentametri
433 615 556 680 verbis:

309 740 366 799 aut
387 735 491 820 pudor
511 734 669 818 ingenuus
691 739 748 798 aut
770 732 953 798 reticendus
975 751 1065 797 amor

155 874 252 958 plane
274 872 466 955 desperavit.
503 871 550 935 Ac
571 872 692 954 primus
713 876 748 934 ut
770 870 911 953 priorum
935 875 1115 934 commenta
1136 875 1281 953 praeter-

158 976 291 1057 mittam,
312 979 548 1057 pentametrum
571 973 751 1037 accuratius
767 971 943 1054 explicavit
958 971 1099 1037 Jacobus
1115 970 1178 1056 (ed.
1196 972 1280 1034 1827

155 1099 186 1162 p.
204 1075 293 1163 169),
323 1076 378 1160 qui
405 1076 606 1159 Groningani
635 1075 793 1158 scriptura
828 1079 898 1152 „at“
930 1080 1061 1158 recepta
1091 1073 1152 1138 hoc
1182 1071 1281 1136 modo

155 1181 383 1264 interpretatus
399 1184 463 1244 est:
492 1177 577 1264 (Oui,
598 1177 713 1262 inquis,
735 1197 799 1241 non
821 1175 871 1240 his
886 1177 993 1241 verbis
1015 1176 1112 1241 sudor
1133 1183 1282 1259 tempora

156 1280 353 1366 adspergat),
376 1281 433 1346 scd
455 1286 511 1346 aut
533 1280 785 1345 dissimulandos
806 1279 909 1363 pudor
923 1286 980 1343 aut
995 1299 1084 1344 amor
1098 1278 1281 1343 reticendus

156 1389 219 1465 661;
250 1383 283 1446 16
313 1382 468 1447 reticendi
498 1382 595 1447 verbo
625 1382 704 1447 latet
731 1401 789 1465 per
810 1401 944 1464 zeugma
967 1381 1008 1447 ad
1032 1380 1186 1465 pudorem
1210 1399 1280 1463 per-

156 1485 262 1549 tinens
291 1504 492 1568 synonymum
523 1483 736 1548 dissimulare.
785 1485 937 1548 Attamen
959 1484 1096 1567 primum
1123 1503 1164 1548 en
1184 1483 1280 1547 inter-

155 1587 333 1671 pretatione
362 1587 435 1670 ipsa
465 1586 584 1671 elucet,
613 1586 821 1669 Neapolitani
851 1585 1041 1670 scripturam
1072 1589 1281 1668 ,661116666-

156 1689 321 1754 ferendam
344 1707 428 1766 6666,
456 1709 527 1753 666
551 1688 692 1754 Jacobus
715 1689 870 1772 pudorem
892 1694 925 1753 et
948 1707 1089 1753 amorem
1112 1689 1159 1752 ita
1181 1706 1280 1770 oppo-

155 1797 227 1875 nat,
258 1797 294 1855 ut
316 1791 444 1856 tertium
468 1791 670 1873 excludatur3
701 1796 768 1856 tum
792 1791 819 1854 si
842 1791 972 1873 quidem
995 1784 1280 1873 „dissimulandus“

155 1912 196 1958 cx
224 1892 440 1976 „reticendus“
470 1891 683 1976 supplendum
714 1900 778 1975 est,
809 1893 895 1975 quod
925 1899 1024 1976 negat
1052 1877 1279 1974 Hertzbergius

156 1993 199 2079 (p.
217 1993 301 2080 168),
329 1994 521 2077 „ingenuus“
550 2014 614 2057 non
642 1995 744 2058 solum
775 2013 1009 2078 supervacuum
1036 2000 1085 2059 est
1112 1993 1164 2078 (cl.
1185 1994 1280 2058 inter·

155 2096 367 2180 pretationem
388 2094 516 2180 ipsam),
546 2096 604 2161 sed
636 2096 733 2161 ctiam
763 2097 984 2182 symmetriam
1007 2096 1177 2161 verborum
1206 2115 1278 2160 con-

155 2198 277 2281 turbat,
309 2218 380 2262 cum
411 2198 546 2263 alterum
576 2198 808 2264 substantivum
837 2201 962 2281 „amor“
991 2199 1133 2283 epitheto
1160 2203 1279 2262 careat.

155 2299 315 2380 liquidem
343 2300 376 2364 16
406 2298 468 2365 hac
489 2300 659 2365 verborum
683 2301 891 2366 collocatione
913 2301 1112 2384 „ingenuus“
1134 2301 1279 2383 intellegi

156 2421 251 2485 posse
273 2421 355 2484 nego
377 2401 440 2465 nisi
461 2402 681 2486 praedicativo
704 2403 851 2485 positum,
874 2409 909 2467 61
930 2403 1124 2487 respondeat
1146 2402 1279 2468 alterius

155 2503 288 2568 membri
302 2504 504 2587 praedicato:
526 2503 715 2569 reticendus.
752 2503 968 2581 dulcamen
990 2505 1047 2570 illa
1061 2505 1160 2570 verba
1183 2503 1278 2586 signi·

155 2605 258 2689 fiuent,
281 2611 338 2670 aut
353 2606 457 2689 pudor
472 2606 628 2688 ingenuus
644 2611 693 2671 est
715 2614 772 2670 aut
794 2627 884 2672 amor
905 2607 1086 2672 reticendus
1108 2613 1165 2689 661,
1193 2626 1279 2690 pror-

156 2727 211 2771 sus
233 2726 296 2770 non
318 2708 487 2791 perspicio.
531 2708 620 2773 Haec
647 2728 712 2772 non
742 2708 851 2773 dubito
882 2709 959 2791 quin
986 2729 1086 2773 causa
1107 2708 1202 2773 166611
1224 2728 1279 2773 our

156 2808 317 2892 Hauptius
339 2829 434 2892 quem
457 2809 600 2893 seqnitur
614 2811 786 2884 Muellerus
808 2809 871 2896 (ed.
889 2814 969 2875 1870
992 2832 1023 2895 p.
1039 2810 1094 2894 47)
1116 2811 1207 2893 „aut‘
1229 2811 1279 2874 bis

155 2911 189 2974 in
204 2910 325 2993 „haud‘
340 2912 528 2978 emendaret
543 2918 574 2978 61
589 2913 720 2978 6616166
736 2913 792 2976 1116
807 2913 892 2997 vitio,
911 2933 983 2978 cum
998 2912 1188 2995 „ingenuus“
1203 2918 1279 2977 ante

156 3012 302 3077 vocalem
324 3014 481 3097 producta
503 3015 629 3100 syllaba
649 3015 740 3080 brevi
761 3014 900 3099 positum
924 3021 1017 3098 esset,
1048 3014 1174 3080 sublato
1198 3014 1279 3079 hanc

155 3115 348 3198 pentametri
370 3115 505 3181 formam
528 3118 561 3181 in
584 3123 705 3182 textum
726 3116 896 3201 reciperet:

309 3232 396 3298 haud
418 3235 522 3318 pudor
542 3235 690 3318 ingenuis
712 3234 799 3299 haud
821 3235 1003 3301 reticendus
1025 3254 1121 3300 amor.

241 3370 347 3452 Atque
370 3389 484 3436 sensus
506 3370 674 3436 vorborum
698 3372 770 3452 quis
793 3372 848 3455 611,
876 3371 987 3437 616661.
1031 3372 1156 3456 Nempe
1184 3371 1279 3454 signi-

157 3470 268 3537 ficant:
297 3472 370 3536 Non
391 3473 491 3557 pudet
512 3479 544 3538 te
567 3472 648 3537 sicut
670 3473 826 3556 ingenuos
850 3473 954 3558 dccet,
976 3494 1040 3538 non
1061 3479 1167 3558 potest
1189 3493 1279 3537 amor

156 3572 292 3638 reticeri.
337 3573 401 3640 Sed
423 3580 648 3658 praeterquam
671 3575 757 3657 quod
784 3575 846 3641 hac
868 3595 994 3659 quoque
1016 3576 1279 3661 interpretatione

51 3764 55 3769 Ι
158 3693 297 3740 conexus
327 3677 558 3742 sententiarum
589 3697 654 3742 non
685 3678 770 3743 clare
800 3677 1005 3762 perspicitur,
1037 3697 1077 3743 ea
1108 3677 1279 3743 difficultas

156 3774 235 3840 mihi
256 3796 422 3843 remanere
436 3778 563 3843 videtur
586 3779 672 3862 quod
694 3799 785 3844 amor
799 3780 980 3845 reticendus
995 3780 1167 3863 significat:
1190 3800 1279 3844 amor

158 3878 212 3960 qui
235 3899 256 3943 a
277 3884 309 3944 16
331 3879 456 3945 reticeri
477 3892 578 3961 potest
594 3879 702 3967 (aliter
718 3881 801 3947 enim
817 3881 998 3946 reticendus
1013 3882 1135 3946 nullum
1151 3901 1279 3946 sensum

82 4056 85 4061 .
157 3979 277 4066 habet),
299 4001 395 4064 quam
417 3983 481 4047 vim
506 3984 539 4048 16
560 3983 737 4068 gerundivo
760 3984 865 4049 inesse
886 4003 969 4067 nego
992 4003 1063 4048 cum
1086 4003 1190 4067 neque
1213 3983 1279 4048 vul-

157 4082 244 4165 garis
267 4103 343 4148 6666
374 4083 457 4150 hanc
485 4086 648 4151 notionem
677 4086 875 4172 comprobet,
906 4105 965 4152 nec
994 4087 1179 4171 Propertius
1210 4086 1280 4170 ipse

157 4202 230 4250 eam
253 4192 423 4270 agnoscat:
1158 4192 1160 4198 '
