2760 4680
134 189 174 264 hd

133 372 361 437 sententiarum
383 362 595 456 perversitate
618 362 784 455 compositi
808 379 896 456 sunt,
925 375 960 436 ut
983 393 1003 436 a
1024 393 1106 437 sana
1128 366 1256 438 ratione

25 490 28 495 ’
132 474 348 558 repudientur.

217 574 315 640 Aliud
351 575 541 641 manifestae
579 575 834 660 interpolationis
870 576 1051 661 exemplum
1089 577 1112 640 ii
1141 597 1258 642 versus

130 679 299 763 praebent,
329 678 384 760 qui
414 677 501 763 apud
523 678 711 743 Muellerum
741 701 771 763 p.
795 682 845 759 70,
874 679 920 742 sic
946 679 1109 761 leguntur:
1147 680 1201 762 IV,
1225 684 1257 763 6,

131 783 274 844 21-24:

233 883 314 948 Sunt
335 881 607 966 Agamemnonias
629 883 785 956 testantia
807 883 903 946 litora
926 902 1020 947 curas

305 1004 387 1066 quae
409 991 500 1049 notat
522 985 668 1069 Argynni
690 1005 795 1069 poena
817 984 1097 1051 Athamantiadae.

232 1089 300 1153 Hoc
313 1087 438 1171 juvene
461 1087 581 1152 amisso
604 1087 739 1152 classem
761 1108 825 1151 non
849 1087 944 1151 solvit
966 1087 1096 1153 Atrides

302 1211 360 1275 pro
384 1209 449 1274 qua
470 1195 613 1255 mactata
636 1195 685 1256 est
708 1189 879 1275 iphigenia
902 1210 1002 1254 mora.

192 1295 240 1358 Ac
261 1313 373 1359 versus
395 1295 520 1357 23-24
551 1290 728 1357 subditivos
760 1312 831 1358 esse
848 1292 921 1376 jam
943 1292 1084 1357 Jacobus
1107 1292 1251 1358 animad-

128 1398 223 1462 vertit
245 1395 287 1482 (p.
305 1395 390 1482 194),
412 1394 666 1480 approbantibus
678 1396 837 1460 Lindnero
860 1394 981 1479 (annal.
996 1394 1113 1479 phil.X
1128 1415 1158 1478 p.
1170 1393 1249 1479 837)

128 1496 343 1564 Hoimreichio
367 1497 505 1582 (quaest.
528 1497 620 1581 Prop.
643 1517 672 1580 p.
697 1498 779 1560 8-9
802 1497 845 1562 ad
868 1497 926 1580 ΙΙΙ,
951 1499 999 1581 16,
1022 1495 1064 1582 8).

214 1598 353 1665 Primum
378 1600 463 1665 enim
485 1619 598 1666 versus
620 1601 746 1663 23-24
769 1619 840 1664 cum
864 1619 941 1664 sono
964 1605 997 1664 et
1018 1598 1129 1664 habitu
1152 1598 1250 1664 totius

128 1701 278 1768 carminis
301 1702 387 1768 male
410 1701 586 1785 quadrant,
619 1702 653 1765 in
676 1720 738 1783 quo
762 1720 920 1765 summam
948 1701 1048 1765 animi
1070 1701 1250 1765 commotio

127 1824 200 1871 nem
223 1804 328 1871 inesse
350 1803 507 1888 plurimae
530 1809 562 1870 et
584 1803 835 1869 exclamationes
856 1808 888 1868 et
908 1803 1118 1868 allocutiones
1140 1801 1250 1868 testifi-

128 1913 247 1972 centur.
291 1906 380 1972 Haeo
403 1913 510 1972 autem
534 1899 633 1972 verba
654 1912 722 1970 tam
741 1905 853 1988 jejune
875 1905 1052 1990 composita
1074 1911 1159 1988 sunt,
1181 1911 1249 1970 tam

127 2029 191 2074 non
214 2011 363 2075 affectum
386 2009 533 2093 produnt,
556 2015 590 2072 ut
612 2009 646 2072 in
667 2007 728 2073 hoo
750 2007 981 2073 sententiarum
1004 2027 1088 2072 nexu
1111 2027 1131 2072 a
1152 2013 1249 2091 poeta

129 2111 247 2195 scripta
270 2130 342 2176 esse
364 2116 545 2195 nequeant,
567 2117 633 2175 tum
658 2109 737 2175 haec
759 2115 826 2175 tota
850 2109 1023 2194 explicatio
1045 2109 1177 2196 fabulae
1192 2109 1246 2173 mi·

126 2213 213 2278 nime
235 2213 353 2277 rationi
369 2212 527 2299 Propertii
551 2212 731 2298 respondet,
756 2211 810 2295 qui
832 2212 980 2296 exempla
994 2231 1035 2277 ex
1051 2211 1250 2296 mythologie

126 2315 231 2400 petita
254 2335 318 2379 non
341 2314 478 2391 uberius,
493 2315 633 2400 exponit,
655 2315 717 2380 nisi
741 2314 798 2380 illa
821 2334 891 2379 cum
915 2315 1047 2379 oonsilio
1069 2314 1166 2378 totius
1181 2333 1249 2378 oar-

126 2417 222 2482 minis
244 2417 454 2483 consentiunt.
498 2417 595 2482 Velut
616 2417 758 2482 fabulam
781 2417 927 2482 Herculis
950 2422 982 2481 et
1003 2416 1108 2502 Hylae
1139 2416 1176 2500 (Ι,
1198 2419 1248 2499 20,

129 2519 276 2604 17-50),
299 2539 363 2603 qua
378 2519 508 2584 Gallum
531 2520 670 2584 amicum
692 2518 873 2602 admoneat,
897 2525 931 2583 ut
953 2524 1096 2584 amatum
1112 2537 1247 2602 puerum

126 2620 311 2704 diligentius
342 2621 518 2705 custodiat,
552 2623 603 2687 vel
625 2621 683 2705 III,
709 2625 747 2685 10
780 2627 815 2686 ut
844 2640 985 2686 amorem
1008 2621 1153 2686 Aurorae
1184 2635 1247 2704 quo

123 2720 182 2788 illa
211 2722 383 2788 Tithonum
421 2743 529 2789 senem
566 2723 689 2807 foveat,
727 2723 865 2789 duritiae
897 2721 1056 2808 Cynthiae
1096 2743 1160 2804 qua
1189 2721 1247 2786 illa

125 2823 232 2908 ipsum
250 2824 405 2908 juvenem
438 2825 595 2910 stimulet,
625 2832 776 2911 opponat.
821 2825 885 2892 Sed
915 2825 1073 2908 quomodo
1103 2830 1245 2890 mactata

122 2924 181 2991 illa
202 2927 371 3012 iphigenia
395 2949 465 2993 cum
488 2929 588 2994 Paeto
611 2948 698 3011 aqua
720 2948 824 2994 merso
847 2927 1035 3011 cohaereat,
1067 2928 1124 2992 alii
1147 2927 1247 3012 expli-

124 3034 205 3112 cent,
226 3030 375 3112 equidem
398 3050 450 3096 me
472 3031 596 3097 nescire
618 3030 775 3096 confiteor.

208 3132 277 3198 Nec
302 3132 408 3197 minus
437 3133 639 3218 suspiconem
661 3138 768 3198 movet
794 3152 845 3198 res
867 3133 955 3216 ipsa,
982 3151 1066 3214 quae
1087 3136 1245 3199 narratur.

123 3233 207 3298 Nam
230 3234 341 3299 verba:
367 3255 442 3319 ,pro
466 3254 531 3318 qua
552 3255 642 3300 mora
657 3239 799 3300 mactata
820 3239 887 3300 est“
915 3255 979 3299 non
993 3239 1127 3318 possunt
1151 3233 1245 3298 aliter

122 3334 265 3420 intellegi
294 3342 392 3418 atque
421 3337 462 3402 de
491 3355 531 3402 ea
561 3357 651 3402 mora
681 3355 765 3419 qnae
787 3335 846 3402 hoc
864 3336 987 3419 juvene
1017 3336 1138 3401 amisso
1160 3336 1243 3418 Aga-

123 3437 300 3503 memnonis
327 3439 411 3502 curis
437 3439 535 3505 classi
565 3439 678 3504 extitit
721 3438 759 3503 Id
782 3444 891 3504 autem
914 3459 985 3504 oum
1014 3438 1110 3503 solita
1132 3437 1244 3501 fabula

122 3547 289 3624 repugnat,
311 3560 375 3623 qua
397 3561 461 3605 non
476 3540 649 3626 Argynnus
671 3561 758 3624 aqua
779 3561 903 3607 mersus
925 3541 981 3607 sed
996 3540 1117 3606 violata
1132 3539 1242 3603 Diana

123 3661 221 3706 causa
243 3661 351 3707 morae
373 3642 473 3706 fuisse
496 3643 632 3707 traditur
659 3662 714 3708 cur
736 3643 906 3728 Iphigenia
928 3641 1033 3707 hostia
1056 3641 1243 3708 concideret.

121 3742 181 3806 His
203 3743 243 3807 de
266 3743 373 3808 causis
395 3764 459 3808 non
481 3743 591 3808 dubito
615 3745 689 3826 quin
705 3744 828 3810 Jacobo
847 3744 1009 3810 Lindnero
1025 3742 1241 3810 Heimreichio

121 3843 363 3909 assentiendum
385 3846 434 3911 sit.

206 3944 282 4010 Jam
304 3965 380 4011 vero
402 3947 436 4012 in
451 3947 716 4032 praecedentibus
739 3947 884 4013 versibus
899 3949 950 4032 (21
960 3948 1064 4034 —22)
1079 3949 1139 4014 viri
1154 3948 1240 4014 docti

121 4045 279 4129 quomodo
301 4047 536 4134 desudaverint,
559 4048 806 4115 consideremus.
849 4050 888 4114 In
903 4051 1065 4115 codicibus
1087 4052 1170 4117 enim
1194 4051 1240 4116 sio

119 4148 247 4232 legitur:
