2760 4680
1185 250 1219 311 11

184 416 251 483 Sed
273 417 459 483 omittamus
481 416 565 483 hanc
587 418 807 500 quaestionem
830 418 924 485 0110
946 419 1012 484 alio
1035 438 1093 485 uec
1115 419 1220 482 miuus

97 520 193 603 gravi
214 519 293 585 vitio
316 540 379 603 quo
401 519 453 585 hic
475 522 564 586 loeus
587 520 784 586 deformatus
805 527 870 604 001,
892 522 1101 607 disputemus.
1146 522 1222 586 Par-

96 623 213 688 ticulas
228 623 316 688 enim
330 624 544 706 disjunctivae
569 625 725 701 „vel-aut“
751 625 939 689 aRomanis
961 644 1080 690 aureae
1091 624 1221 708 quidem

96 726 216 791 aetatis
238 745 279 790 ea
301 745 385 809 quae
406 724 458 791 hio
479 732 569 792 extat
592 728 802 793 collocatione
824 734 998 812 usurpatas
1025 746 1096 792 esse
1119 726 1221 792 Lach-

95 846 236 893 mannus
257 829 380 914 primus
406 829 545 913 negavit.
589 830 636 895 Ao
657 829 799 895 lacobus
822 829 885 915 (ed.
903 833 982 895 1827
1007 851 1037 914 p.
1053 829 1130 915 208)
1154 850 1220 895 rem

63 1016 68 1023 .
93 932 129 995 in
151 931 258 997 medio
280 932 422 1015 rehquit,
455 952 526 998 cum
557 952 661 1015 neque
691 934 760 1017 ipse
788 939 899 998 contra
921 932 1163 998 Lachmannum
1187 940 1221 997 ut

93 1034 216 1099 diceret
238 1035 300 1100 0111
320 1035 515 1119 persuadere
537 1042 653 1120 posset,
676 1056 780 1119 neque
802 1036 953 1101 Jacobsio
977 1036 1031 1119 qui
1053 1036 1086 1099 in
1110 1035 1220 1099 antho-

92 1137 183 1221 logia
216 1136 423 1204 adrcrsarias
455 1144 565 1222 partes
599 1144 798 1223 susceperat,
836 1160 967 1223 prorsus
1001 1139 1219 1204 assentiretur.

93 1238 161 1305 Sed
181 1246 256 1323 post
277 1241 553 1307 accuratissimam
575 1242 676 1307 Keilii
699 1242 947 1325 disputationem
972 1240 1119 1327 (Bonnae
1137 1242 1217 1305 1843

91 1362 125 1427 p.
140 1342 283 1428 48-52)
305 1343 462 1409 dubitatio
484 1344 575 1408 nulla
596 1363 667 1409 0000
688 1350 811 1429 001001,
842 1344 917 1426 quin
948 1345 981 1407 10
1008 1344 1099 1426 justa
1123 1364 1219 1428 0000-

92 1446 209 1511 sitione
235 1446 400 1527 ,vel-aut“
426 1466 488 1511 non
504 1446 606 1530 possit
623 1447 780 1530 collocari,
804 1467 999 1529 quamquam
1022 1446 1102 1510 satis
1117 1447 1219 1511 multa

91 1549 245 1633 exempla
256 1554 375 1633 extant,
389 1549 422 1613 in
439 1549 553 1632 quibus
565 1550 720 1614 orationis
732 1549 912 1613 variandae
925 1568 1024 1613 00000
1040 1549 1217 1633 particulae

14 1682 17 1687 ·
90 1650 362 1736 illaepromiscue
376 1652 545 1717 usitantur.
588 1653 700 1734 Neque
722 1651 948 1734 Hertzbergius
971 1650 1097 1734 evincit,
1119 1650 1217 1735 parti-

90 1753 277 1832 eulae,rcl“
292 1754 432 1821 hocloco
447 1755 513 1820 rim
527 1755 719 1820 intensivam
736 1753 937 1819 tribuendam
958 1773 1037 1837 0000,
1057 1759 1092 1818 01
1104 1753 1216 1819 eodem

90 1856 189 1921 modo
204 1857 418 1942 intellegatur,
441 1877 503 1941 quo
516 1857 741 1922 Lachmannus
758 1856 806 1943 (in
822 1856 1082 1920 adnotationibus
1097 1877 1126 1940 p.
1140 1855 1215 1941 320)

88 1960 136 2043 ΙΙ,
165 1961 493 2045 2,(11010000010100
526 1966 603 2026 erat.
657 1962 741 2026 Nam
775 1960 961 2045 simpliciter
995 1965 1215 2042 opponuntur:

87 2061 219 2146 „studia
231 2062 393 2127 Platonis“
408 2062 508 2147 „horti
523 2064 670 2148 Epicuri‘
681 2084 785 2147 neque
798 2064 932 2128 alterum
945 2063 1046 2127 altero
1058 2061 1214 2143 majorem

88 2184 204 2230 sonum
227 2165 353 2250 accipit.
389 2167 488 2231 Recte
509 2167 543 2231 id
566 2186 692 2250 quoque
707 2167 833 2232 Keilius
849 2166 882 2252 (l.
900 2188 923 2231 0.
939 2164 981 2251 a.)
1004 2170 1119 2247 monet,
1142 2164 1215 2228 illos

87 2286 205 2333 versus
227 2267 254 2333 si
277 2267 444 2351 ejiciemus
466 2275 498 2334 et
520 2270 689 2334 transitum
713 2270 825 2334 deesse
848 2275 879 2334 01
900 2268 1093 2352 particulam
1120 2270 1211 2343 ,aut‘

88 2368 232 2435 secundo
258 2370 331 2436 loeo
360 2372 498 2456 positam
528 2371 604 2438 ferri
632 2393 696 2436 non
725 2392 828 2458 posse.
879 2372 947 2436 Nec
976 2377 1085 2434 tamen
1114 2368 1213 2431 itaci

87 2473 259 2565 assentior·
278 2479 313 2539 ut
333 2474 483 2539 lacunam
507 2479 540 2540 iu
562 2477 621 2542 hoc
643 2478 712 2542 loco
735 2476 841 2540 inesse
863 2474 1053 2555 existimem,
1075 2471 1132 2535 sed
1154 2470 1213 2534 hoc

87 2574 185 2640 modo
214 2576 475 2661 interpolatorem
505 2580 610 2663 egisse
640 2599 770 2663 censeo,
802 2584 836 2642 01
864 2577 966 2661 „illic“
992 2595 1032 2639 ox
1054 2595 1150 2639 versu
1172 2577 1211 2637 27

86 2674 285 2762 desumeret,
307 2685 339 2744 et
361 2681 427 2745 suis
449 2681 529 2746 fictis
550 2681 657 2747 verbis
680 2680 884 2765 praefigeret,
906 2684 1045 2744 ceterum
1069 2677 1211 2742 ordinem

85 2790 148 2865 per
168 2780 262 2863 „aut‘
283 2782 492 2850 continuaret.
529 2783 635 2861 Quare
658 2786 704 2848 sio
719 2782 956 2848 emendandum
972 2799 1043 2845 esse
1060 2779 1211 2843 arbitror:

191 2883 273 2949 Inde
294 2885 349 2949 ubi
371 2886 478 2952 Piraei
500 2887 628 2970 0001001
650 2905 722 2952 000
744 2886 844 2952 110100
867 2889 985 2968 portus,

244 2988 398 3052 scandam
421 3009 479 3072 ego
502 2989 647 3055 Theseae
669 2989 802 3054 brachia
823 2989 920 3070 longa
943 2985 1031 3068 viae3

192 3088 372 3173 Persequar
392 3098 442 3158 110
464 3092 603 3157 studium
625 3093 765 3176 linguae,
788 3088 1013 3156 Demosthenis
1036 3108 1136 3170 arma,

242 3191 459 3276 librorumque
480 3199 560 3278 tuos,
582 3194 675 3260 docte
696 3193 879 3276 Menandre,
902 3193 995 3257 sales.

175 3289 268 3368 Quod
284 3300 391 3360 autem
407 3295 531 3361 Keilius
547 3297 587 3362 de
602 3298 760 3382 particula
786 3297 887 3377 „illic“
906 3293 988 3378 dicit,
1011 3312 1075 3356 non
1089 3291 1208 3356 habero

84 3414 151 3477 quo
188 3394 345 3461 referatur
373 3435 416 3444 -
446 3400 530 3481 quod
567 3400 651 3465 idem
682 3401 721 3465 de
758 3406 867 3466 nostra
900 3397 1084 3479 conjectura
1118 3393 1205 3472 ,hie“

82 3497 211 3563 valeret
231 3534 274 3545 -
295 3520 358 3564 non
381 3521 529 3583 agnosco.
573 3503 659 3567 Nam
681 3524 752 3568 cum
774 3501 921 3587 0001010
944 3498 1033 3563 101110
1056 3495 1209 3561 carminis

83 3618 122 3663 se
138 3599 282 3665 Athenas
304 3603 367 3668 iter
382 3603 541 3669 facturum
563 3625 635 3672 esse
650 3606 897 3691 pronuntiasset,
919 3620 1054 3685 cumque
1068 3600 1102 3664 in
1118 3618 1208 3682 prae·

83 3699 273 3766 cedentibus
295 3704 417 3771 verbis:
440 3707 548 3775 Piraei
563 3715 681 3794 portus,
703 3710 799 3792 longa
820 3707 951 3772 brachia
967 3705 1112 3770 Theseae
1134 3701 1208 3765 viae

84 3801 264 3869 clarissime
298 3807 494 3875 Athenarum
533 3812 723 3895 significatio
759 3812 890 3894 inesset,
927 3829 991 3872 non
1029 3825 1109 3890 0000
1138 3807 1208 3869 erat

82 3903 199 3969 iterum
233 3906 362 3975 disertis
396 3912 503 3977 verbis
535 3913 734 3979 Athenarum
768 3932 884 3978 nomeu
918 3910 1049 3996 apponi.
1100 3910 1206 3992 Atque

83 4005 232 4076 similiter
256 4010 343 4092 ,hic“
370 4021 541 4098 usurpatur
562 4015 620 4098 ΙΙΙ,
642 4018 691 4097 28,
717 4020 763 4080 lii.

288 4123 339 4182 110
360 4116 450 4182 10000
471 4123 520 4182 001
541 4117 575 4180 10
598 4137 659 4198 quo
681 4118 761 4183 tibia
783 4117 878 4184 docta
901 4137 1002 4185 sones.

82 4212 140 4279 ubi
161 4230 224 4280 non
254 4217 296 4282 ad
316 4219 462 4301 proxime
490 4218 722 4306 praecedentia
747 4221 864 4308 rerba,
889 4222 953 4289 sed
976 4223 1027 4287 ad
1050 4225 1223 4303 00001010,
