2760 4680
135 237 171 302 16

131 409 174 493 (v.
199 412 237 471 25
261 408 361 473 libeat
383 408 440 472 tibi
464 429 587 473 mecum
610 414 704 472 antra
728 407 848 493 tenere)
872 408 1004 474 deloco
1028 408 1099 474 ficto
1122 407 1175 473 rix
1198 423 1245 493 po·

131 519 192 577 test
215 512 357 595 cogitari.
402 511 523 588 Quodsi
545 511 712 595 probatur,
741 512 912 576 Graeciam
943 511 1007 575 illis
1029 511 1135 576 verbis
1158 494 1278 594 signi-⁸

130 615 218 680 ficari
240 613 505 679 verisimillimum
528 613 667 697 videtur,
701 614 766 678 illic
795 614 880 679 enim
909 621 1039 698 poetae,
1071 613 1098 678 si
1122 614 1245 696 quando

130 719 260 782 nomina
280 716 412 799 addunt,
434 717 597 780 Musaranr
621 717 713 781 sedes
735 723 794 782 ete.
811 717 968 782 collocant
984 715 1092 801 (Prop.
1106 716 1166 800 ΙΙΙ,
1183 721 1208 800 l,
1225 721 1246 780 l.

129 821 183 903 IV,
206 823 235 902 2,
260 817 299 905 1).
343 819 433 883 Haeo
456 819 677 902 interpretatio
702 820 753 884 rel
775 820 916 884 maxime
938 819 995 883 illo
1019 818 1162 884 carmine
1184 838 1247 883 oon·
1290 888 1294 923 Ι

129 922 273 987 firmatur
303 921 388 1003 quod
422 939 520 1004 supra
542 922 862 986 commemoravimus
891 921 944 1003 IV,
967 924 1021 1003 21,
1057 920 1113 985 ubi
1143 925 1247 1005 aperto
1287 938 1294 1023 ²,

129 1031 226 1109 poeta
255 1023 294 1088 de
316 1023 429 1087 itinere
457 1024 491 1086 in
518 1023 689 1088 Graeciam
716 1023 864 1089 faciendo
886 1025 1035 1105 loquitur.
1079 1022 1294 1107 Aptissima·¹

129 1133 237 1190 autem
266 1124 387 1189 ultimis
409 1124 553 1189 versibus
576 1130 677 1188 totam
700 1125 838 1208 elegiam
869 1124 1036 1190 concludit.
1080 1124 1167 1189 Nam
1189 1144 1248 1189 non
1291 1122 1294 1131 '

129 1228 231 1292 solum
260 1227 498 1309 elegantissime
525 1228 652 1312 puellae
674 1227 850 1311 blanditur,
880 1227 937 1293 sed
965 1227 1064 1291 etiam
1094 1246 1248 1291 summam
1272 1220 1293 1307 J

129 1329 295 1394 stultitiam
325 1328 464 1392 futuram
488 1329 588 1393 fuisse
610 1330 820 1413 demonstrat,
849 1331 875 1394 si
899 1330 940 1394 ab
962 1329 1019 1393 illa
1041 1328 1250 1411 discessisset,

129 1433 198 1497 sine
221 1450 285 1514 qua
308 1431 472 1514 ingenium
495 1430 574 1495 nihil
596 1432 726 1497 valeret.

215 1535 265 1598 Ita
288 1533 360 1597 finis
383 1533 534 1597 carminis
558 1540 591 1597 ut
614 1535 702 1618 apud
718 1535 918 1618 Propertium
941 1533 1008 1599 fieri
1023 1534 1112 1618 solet,
1135 1533 1181 1599 ad
1195 1533 1251 1597 ini·

128 1638 206 1702 tium
237 1635 336 1720 redit,
373 1642 404 1701 et
434 1638 545 1701 varias
575 1657 656 1718 quas
685 1643 782 1721 poeta
811 1637 966 1721 percurrit
996 1637 1174 1702 sententias
1210 1634 1252 1698 ad

128 1739 264 1805 eandem
287 1739 425 1821 elegiam
448 1739 608 1823 pertinere
629 1739 757 1805 indicat.

91 1880 98 1893 ι
214 1841 288 1905 Jam
311 1861 387 1906 vero
409 1841 442 1905 in
464 1841 524 1906 hoc
546 1842 775 1907 sententiarum
807 1862 890 1907 nexu
913 1863 1008 1924 quem
1037 1840 1132 1905 modo
1156 1857 1253 1924 expo

128 1944 262 2026 suimus,
300 1942 376 2026 quid
405 1943 464 2007 sibi
495 1963 607 2008 versus
641 1947 779 2007 19-22
802 1944 901 2008 velint
909 1994 917 2027 ,
954 1964 1017 2008 non
1047 1942 1254 2025 intellegitur.

127 2046 270 2110 Primum
293 2046 377 2110 enim
409 2047 478 2110 sine
502 2047 567 2110 ullo
595 2066 697 2111 nexus
719 2047 908 2111 detrimento
939 2047 977 2110 iis
1009 2064 1118 2111 carere
1140 2064 1255 2128 possu-

128 2169 215 2232 mus,
246 2148 331 2231 quod
356 2149 483 2212 etiamsi
513 2149 546 2212 in
571 2169 633 2213 uno
656 2150 706 2214 vel
729 2149 853 2214 duobus
876 2149 1022 2213 versibus
1051 2147 1147 2213 facile
1170 2147 1255 2213 aeci·

127 2250 204 2315 dere
226 2256 348 2334 potest,
378 2257 488 2316 tamen
512 2251 539 2315 si
562 2252 605 2315 ad
628 2258 776 2334 quattuor
799 2271 911 2316 versus
940 2251 1077 2335 pertinet
1099 2250 1255 2334 suspicio

128 2352 287 2416 sissimum
311 2360 367 2417 est.
412 2353 495 2431 Quid
517 2373 593 2418 vero
616 2353 680 2416 illis
710 2353 822 2436 ejectis
845 2352 1047 2437 proficiamus
1070 2352 1255 2437 apparebit.

127 2455 164 2517 ln
187 2454 269 2518 duas
292 2454 378 2518 enim
400 2461 510 2538 partes
538 2456 611 2538 pari
640 2475 772 2519 numero
803 2455 1010 2520 distichorum
1041 2454 1122 2520 haee
1145 2454 1254 2538 elegia

128 2555 288 2639 dividitur,
312 2576 445 2638 quarum
469 2558 571 2622 altera
589 2557 765 2622 orationem
783 2557 944 2642 Cynthiae
966 2580 995 2623 v.
1014 2559 1123 2640 1-18,
1146 2557 1255 2622 altera

128 2657 287 2740 Propertii
321 2658 497 2723 orationem
526 2680 555 2723 v.
589 2662 726 2723 19-36
750 2657 847 2745 (nunc
877 2681 905 2724 v.
928 2661 1077 2744 23-40)
1101 2658 1253 2724 continet

127 2759 295 2825 Artissime
317 2767 427 2825 autem
449 2761 526 2825 illae
549 2767 657 2846 partes
681 2761 861 2845 cohaerent,
884 2781 954 2826 oum
971 2768 1068 2847 poeta
1086 2759 1253 2846 Cynthiae

126 2863 232 2946 ipsum
254 2863 287 2926 in
309 2862 371 2928 fine
393 2863 549 2928 orationis
570 2864 645 2929 inde
668 2886 697 2929 a.
720 2886 748 2928 v.
775 2866 898 2928 13-18
921 2863 1115 2950 vituperanti
1138 2863 1251 2927 statim

126 2965 282 3048 principio
306 2966 439 3030 alterius
461 2967 564 3050 partis
586 2988 614 3031 v.
639 2969 678 3030 23
703 2972 855 3032 occurrat.

211 3067 324 3150 Neque
352 3070 467 3132 solum
485 3091 514 3134 v.
540 3072 677 3133 19-22
713 3077 898 3152 supervacui
932 3070 990 3135 sed
1027 3070 1125 3135 etiam
1154 3075 1253 3149 inepti

127 3175 207 3233 sunt.
251 3170 399 3254 Ineptum
422 3177 487 3254 est,
516 3172 599 3252 quod
630 3172 687 3236 illa
709 3172 917 3256 interrogatio
946 3173 979 3236 in
1010 3171 1071 3237 fine
1094 3170 1252 3236 orationis

128 3270 286 3355 Cynthiae
316 3272 485 3356 repetitur,
522 3274 691 3338 molestum
726 3281 774 3339 est
805 3276 892 3356 quod
922 3279 1072 3356 quattuor
1102 3271 1252 3338 versibus

126 3373 278 3455 repetitur
301 3393 371 3437 oum
393 3374 427 3437 in
449 3373 541 3439 initio
564 3376 714 3440 carminis
737 3376 904 3440 dimidiam
927 3377 1020 3441 unius
1043 3395 1154 3441 versus
1175 3393 1251 3458 par-

126 3480 188 3538 tem
213 3475 388 3558 compleat;
414 3484 482 3540 tum
504 3478 613 3542 nullus
636 3497 775 3543 conexus
798 3498 869 3543 cum
891 3477 1156 3562 praecedentibus
1179 3495 1251 3540 ver-

126 3575 214 3639 sibus
236 3575 418 3660 intercedit,
449 3599 508 3644 nec
539 3580 634 3645 facile
656 3580 918 3665 interpretatione
950 3579 1033 3644 hano
1061 3599 1129 3643 rem
1152 3599 1250 3662 expe

126 3677 215 3762 dias,
252 3697 323 3742 oum
355 3680 457 3745 oratio
482 3680 643 3766 Cynthiae
672 3701 766 3747 versu
789 3682 1048 3747 duodevicesimo
1079 3680 1250 3764 aptissime

126 3780 341 3846 concludatur.
386 3781 551 3860 Quomodo
575 3785 708 3849 tandem
730 3785 777 3849 illi
799 3805 912 3851 versus
942 3806 1013 3850 cum
1036 3783 1179 3868 proxime
1200 3782 1249 3847 in·

127 3883 331 3965 sequentibus
358 3884 432 3949 inde
461 3905 532 3951 ar.
555 3889 595 3950 23
628 3886 836 3968 cohaereant,
872 3907 966 3952 nemo
997 3886 1100 3952 adhuc
1130 3886 1249 3952 docuit.

125 3985 225 4049 Immo
254 3986 360 4050 nullus
387 4006 526 4054 conexus
557 3989 733 4055 intercedit.
776 3990 861 4055 Nam
884 4009 1082 4071 quamquam
1104 3987 1249 4073 Cynthia

126 4086 246 4152 ultimis
275 4088 382 4153 verbis
419 4091 571 4156 orationis
601 4111 679 4156 suae
717 4112 756 4157 ea
786 4092 894 4156 omnia
925 4108 1009 4173 quae
1038 4092 1072 4155 in
1099 4090 1247 4156 versibus

129 4189 263 4252 19-22
293 4191 442 4274 leguntur
469 4210 510 4256 ex
538 4200 635 4277 poeta
665 4195 884 4277 quaesiverat,
921 4200 1028 4259 tamen
1058 4195 1086 4258 is
1114 4212 1155 4258 ne
1181 4213 1246 4257 uno
