2760 4680
130 258 169 317 12

128 443 211 506 quac
239 423 271 486 in
301 442 396 487 versu
428 426 465 485 13
489 429 775 487 commemorantur
806 419 1006 486 referendum
1029 426 1089 503 est,
1119 420 1153 483 in
1183 419 1255 502 qui-

128 524 185 588 lrus
208 524 359 588 tibiarum
379 544 454 587 usus
478 523 752 604 frequentissimus
776 528 854 587 erat.
898 522 935 585 ln
963 522 1075 588 eodem
1097 523 1257 603 carmine,

128 646 223 691 versu
247 629 285 689 37

279 735 328 792 lu‘c
351 728 405 791 ubi
428 747 478 792 me
501 733 644 793 statuent
665 729 699 790 in
722 727 827 810 prima
850 732 942 811 parte
966 726 1101 792 choreae

126 829 287 913 particula
307 829 395 913 „lric“
416 851 479 894 non
503 829 546 893 ad
561 829 724 894 Bistonias
746 829 820 892 illas
841 848 936 913 rupes
960 849 1044 910 quae
1067 829 1099 892 in
1122 849 1257 913 praece

127 931 214 995 denti
236 951 330 996 versu
358 933 534 996 afferuntur
563 932 714 1015 pertinet,
747 931 803 996 sed
834 931 876 995 ad
908 931 1036 996 roscida
1066 930 1123 995 illa
1145 937 1255 1014 antra,

128 1034 266 1115 quaein
290 1053 383 1098 versu
407 1037 446 1097 26
469 1035 682 1099 nominantur.
726 1033 797 1098 illic
825 1033 910 1098 enim
933 1052 1059 1097 sorores
1080 1033 1159 1098 illae
1183 1053 1255 1098 ver-

127 1141 249 1219 santur,
281 1156 416 1218 quarum
448 1136 488 1201 de
517 1135 640 1202 choreis
671 1141 768 1220 poeta
798 1136 830 1199 in
859 1157 888 1201 v.
905 1138 944 1198 37
967 1135 1116 1217 loquitur.
1159 1135 1254 1200 Idem

121 1238 336 1320 judicandum
358 1246 418 1321 est,
442 1238 482 1303 de
505 1260 534 1304 v.
549 1239 603 1321 IV,
626 1242 653 1322 6,
677 1243 734 1302 47;

229 1361 292 1404 non
316 1341 392 1406 tulit
415 1348 465 1406 lu'c
487 1341 605 1406 Paetus
630 1341 798 1408 stridorem
821 1340 934 1405 audire
956 1341 1127 1424 procellae.

126 1443 175 1507 lbi
208 1462 334 1525 quoque
371 1443 600 1508 sententiarum
635 1463 738 1509 nexus
767 1443 904 1525 indicat,
933 1442 1124 1527 particulam
1159 1440 1250 1522 ,lric“

127 1546 170 1611 ad
199 1565 287 1611 mare
317 1545 356 1610 de
385 1564 498 1628 quor.
522 1549 657 1610 30-42
681 1547 801 1630 agitur,
833 1545 1033 1611 referendum
1064 1564 1135 1609 esse
1165 1544 1256 1626 quod

126 1647 186 1712 hoe
208 1648 279 1713 loco
303 1668 366 1712 non
392 1648 612 1732 grammaticis
634 1649 713 1713 illud
729 1647 858 1730 quidem
874 1647 932 1712 sed
946 1646 1057 1730 logicis
1073 1645 1255 1711 rationibus

127 1750 303 1834 praevalet,
324 1751 371 1813 ita
394 1756 428 1815 ut
442 1751 561 1815 lacuna
584 1771 679 1834 quam
695 1750 819 1816 Keilius
835 1748 879 1835 (p.
895 1746 949 1834 46)
966 1747 1114 1812 antelios
1137 1767 1254 1812 versus

129 1853 273 1935 collocat,
295 1872 403 1918 carere
424 1853 593 1937 possimus.

212 1955 260 2019 Ex
283 1955 323 2019 iis
346 1955 502 2039 exemplis
525 1974 607 2037 quae
631 1954 726 2018 attuli
749 1954 828 2026 satis
851 1960 1000 2039 apparet,
1032 1972 1129 2036 quam
1151 1952 1256 2018 variis

127 2055 304 2120 rationibus
320 2056 477 2140 Propertii
499 2055 642 2119 carmina
664 2055 857 2138 interpolata
878 2055 949 2137 sint,
972 2075 1043 2119 cum
1067 2055 1160 2120 modo
1184 2074 1255 2121 ver-

128 2178 182 2221 sus
205 2158 248 2222 ad
271 2159 447 2241 marginem
479 2158 631 2243 adscripti
660 2158 693 2221 in
715 2164 838 2223 textum
869 2157 974 2242 ipsum
996 2157 1187 2242 irreperent,
1218 2163 1255 2222 ut

127 2259 163 2342 V,
176 2264 203 2341 5,
226 2263 374 2342 55-56,
397 2261 490 2326 modo
513 2260 585 2326 ficta
608 2260 708 2325 verba
729 2280 787 2344 pro
806 2259 953 2342 genuinis
976 2259 1255 2343 substituerentur,

127 2368 161 2424 ut
184 2361 239 2446 ΙΙΙ,
265 2365 311 2446 18,
335 2367 367 2445 4,
397 2363 492 2426 modo
514 2368 629 2446 poetae
652 2362 750 2426 verba
773 2362 1052 2446 amplificarentur,
1074 2368 1108 2426 ut
1131 2361 1185 2446 IV,
1201 2365 1254 2444 21,

127 2465 272 2527 ‘za—26.
323 2462 397 2527 Jam
428 2484 524 2527 unam
553 2463 603 2528 his
633 2461 789 2546 exemplis
820 2461 956 2544 elegiam
993 2463 1112 2529 addere
1145 2463 1255 2547 liceat,

127 2583 210 2644 (puae
240 2564 316 2629 viris
346 2565 448 2630 doctis
479 2566 529 2631 vel
560 2565 735 2629 inanimam
768 2566 1056 2631 controversiarum
1079 2565 1254 2630 materiam

129 2667 277 2749 praebuit
300 2687 497 2750 quamquam
521 2669 629 2732 onmia
651 2674 810 2752 constant,
840 2669 1012 2733 dummodo
1043 2668 1255 2751 interpolatos

126 2790 238 2834 versus
260 2790 278 2835 e
301 2777 451 2836 contextu
473 2771 640 2836 verborum
664 2790 841 2837 removeas.

545 2874 602 2957 III,
625 2875 675 2956 28,
700 2876 832 2938 lta-22.

211 2976 258 3038 Ao
275 2976 410 3059 primum
433 2975 472 3040 de
495 2995 619 3041 conexu
641 2975 737 3059 hujus
760 2975 884 3058 elegiae
901 2974 1014 3058 dicam,
1038 2974 1114 3057 quia
1131 2993 1254 3056 magna

126 3098 204 3160 pars
227 3079 425 3160 quaestionis
449 3098 467 3143 e
490 3079 719 3143 sententiarum
736 3098 820 3144 nexu
836 3077 1044 3160 dijddicanda
1059 3083 1115 3142 est.
1161 3077 1254 3140 Pror-

126 3200 180 3244 sus
203 3186 310 3246 autem
335 3181 374 3246 de
397 3180 528 3245 consilio
552 3187 648 3263 atque
671 3181 880 3265 dispositione
908 3180 1060 3244 carminis
1082 3179 1143 3244 viri
1165 3180 1252 3244 docti

127 3283 326 3349 dissentiunt.
381 3282 607 3348 Lachmannus
637 3283 722 3347 enim
753 3283 796 3369 (p.
819 3283 896 3367 207)
928 3302 1039 3348 versus
1071 3285 1173 3344 1-22
1207 3283 1253 3346 ad

126 3385 300 3470 Cynthiam
324 3386 457 3469 scriptos
479 3405 550 3450 esso
573 3385 753 3468 contendit,
784 3385 899 3468 quibus
922 3385 1012 3449 illam
1035 3385 1187 3451 retineret
1210 3406 1252 3450 ne

126 3495 233 3552 castra
270 3487 436 3574 (at-22)
474 3493 673 3570 sequeretur,
718 3488 830 3571 itaque
867 3487 1011 3552 codicum
1057 3487 1249 3570 scripturam

128 3590 168 3672 (v.
181 3591 232 3675 19)
250 3590 365 3674 „duro“
380 3590 413 3653 in
427 3590 544 3673 „dura“
559 3589 754 3656 emendavit.
800 3590 956 3674 Concedo,
979 3610 1077 3675 saepe
1099 3589 1251 3655 mulieres

127 3692 159 3754 in
182 3693 296 3755 castris
318 3697 466 3757 versatas
489 3712 568 3774 esse,
591 3693 643 3757 vol
666 3698 700 3757 ut
716 3693 818 3757 virum
848 3694 900 3759 vel
932 3699 966 3757 ut
995 3693 1131 3757 amicum
1155 3693 1250 3756 comi·

128 3800 287 3879 tarentur,
310 3795 390 3860 siout
414 3793 587 3878 Cynthiam
610 3795 716 3879 ipsam
739 3802 836 3880 poeta
857 3797 984 3861 incusat
1007 3795 1093 3877 quod
1116 3794 1150 3857 in
1173 3794 1250 3878 Illy-

126 3897 209 3960 riam
231 3897 388 3981 proticisci
411 3897 487 3962 velit
509 3903 544 3959 ut
566 3897 726 3981 praetoris
748 3904 854 3962 castra
876 3902 1029 3980 sequatur
1052 3897 1075 3978 I,
1099 3898 1126 3978 8,
1153 3899 1250 3961 1-2:

280 4002 371 4063 Tune
393 3999 489 4082 igitur
512 3998 643 4064 demens
666 4019 725 4064 neo
747 4005 778 4066 te
801 4019 873 4065 mea
895 4020 972 4065 cura
994 4004 1144 4082 moratur,

356 4121 397 4164 an
420 4103 478 4166 tibi
502 4123 573 4167 sum
595 4102 702 4184 gelida
725 4102 818 4166 vilior
840 4101 979 4187 illyria?

211 4203 252 4267 At
274 4220 359 4284 quae
381 4202 414 4266 in
436 4210 547 4270 nostro
568 4204 710 4272 carmine
726 4209 900 4288 sequuntur
923 4203 965 4291 (v.
982 4202 1136 4286 21—22):
1160 4221 1250 4287 spar-
