2760 4680
181 1306 352 1438 Propertii
374 1356 518 1421 carmina
540 1376 580 1423 ex
603 1378 666 1441 quo
688 1357 826 1442 primrrm
843 1356 975 1425 tractari
997 1366 1111 1445 coepta
1135 1368 1216 1446 sunt,

93 1461 225 1540 propter
246 1457 458 1543 intenuptum
474 1456 703 1525 sententiarum
725 1481 842 1526 nexum
860 1461 1114 1545 copiosissimam
1137 1465 1215 1529 viris

93 1558 196 1624 doctis
218 1563 507 1626 controversiarum
534 1564 704 1628 materiam
731 1563 956 1648 praebuerunt.
1000 1565 1047 1629 Ac
1069 1565 1214 1648 Scaliger

91 1661 157 1743 (cd.
177 1661 245 1727 Cat.
270 1662 340 1728 Tib.
361 1663 454 1748 Prop.
475 1665 611 1730 Parisiis
633 1664 737 1750 1577).
768 1686 839 1730 curn
878 1666 1053 1732 sententias
1082 1666 1216 1733 haerere

91 1764 240 1848 sentiret,
266 1767 567 1849 transpositionibus
590 1768 788 1851 singularum
812 1767 962 1833 carminis
984 1769 1123 1852 partium
1145 1789 1215 1853 per·-

91 1872 224 1950 potuum
255 1870 482 1949 sententiarum
513 1890 628 1936 nexum
659 1870 826 1936 restituere
854 1875 988 1935 conatus
1011 1876 1069 1936 est.
1113 1870 1214 1954 Cujus

91 1968 267 2033 auctoritas
296 1969 450 2053 proximis
479 1971 616 2035 saeculis
646 1976 770 2036 tanturn
798 1972 915 2055 valuit,
945 1978 979 2037 ut
1008 1972 1136 2057 plurimi
1159 1974 1214 2056 qui

90 2070 257 2154 Propertio
273 2090 404 2155 operam
419 2072 583 2156 dederunt,
605 2074 694 2138 illam
710 2074 866 2140 rationem
888 2081 1104 2157 sequerentur,
1127 2077 1214 2141 velut

91 2171 314 2238 Broukhusius
336 2172 399 2260 (ed.
414 2174 648 2240 Amstelodami
666 2175 760 2262 1702)
777 2177 979 2241 Burmannus
995 2176 1058 2261 (ed.
1070 2177 1214 2260 Trajecti

57 2310 63 2317 ·
90 2275 134 2351 ad
156 2275 302 2341 Rhenum
327 2274 431 2360 1780),
455 2298 525 2342 cum
547 2278 642 2361 pauci
663 2278 696 2340 in
719 2277 835 2360 quibus
857 2286 960 2343 erant:
989 2279 1126 2362 Vulpius
1149 2280 1212 2365 (ed.

89 2377 225 2443 Paduae
250 2378 343 2464 1755)
366 2378 516 2443 Barthius
539 2379 602 2465 (ed.
617 2380 749 2464 Lipsiae
767 2378 861 2466 1777)
884 2380 1028 2446 ordinem
1051 2381 1213 2447 codicibus

88 2480 243 2545 traditum
266 2482 402 2546 retinere
425 2488 457 2546 et
479 2501 669 2564 quacunque
691 2483 816 2548 ratione
831 2489 988 2566 poterant,
1010 2484 1212 2568 interpretari

89 2582 263 2648 studerent.
307 2584 423 2648 Nostro
439 2583 568 2648 demum
591 2585 720 2649 saeculo
733 2584 969 2668 Lachmannus,
991 2585 1040 2649 vir
1054 2585 1210 2670 imprimis

88 2685 131 2750 de
152 2685 320 2769 Propertio
343 2686 483 2764 meritus,
506 2692 609 2751 artem
633 2687 773 2752 criticam
797 2694 829 2752 et
850 2687 1145 2770 interpretationem
1169 2690 1211 2754 ad

88 2784 205 2853 sanam
227 2789 385 2853 rationem
408 2788 582 2853 revocavit.
626 2789 769 2853 Primum
799 2789 881 2855 enirn
910 2790 1211 2874 transpositionibus

88 2888 247 2971 Scaligcri
280 2889 409 2972 rejectis
439 2891 583 2955 codicum
620 2893 823 2958 autoritatem
855 2891 993 2956 restituit
1022 2897 1054 2957 et
1084 2892 1164 2958 duos
1193 2913 1211 2958 o

87 2991 237 3073 congerie
264 2992 456 3073 reliquorum
491 2993 599 3075 elegit,
636 2993 670 3056 in
701 2993 816 3075 quibus
845 3012 939 3058 omne
968 2993 1211 3059 fundamentum

49 3123 52 3129 ·
86 3099 194 3158 textus
229 3093 418 3158 restituendi
447 3096 586 3177 positum
621 3114 691 3160 esse
722 3095 841 3178 docuit,
878 3116 896 3162 e
928 3095 1044 3178 quibus
1073 3096 1209 3179 primurn

86 3196 194 3262 locum
208 3195 319 3261 tribuit
334 3196 434 3261 codici
446 3195 662 3280 Grouingano,
682 3197 856 3262 secundum
873 3197 973 3262 codici
986 3198 1211 3281 Neapolitano.

87 3300 171 3363 'Pam
201 3299 413 3382 interruptum
444 3301 673 3365 sententiarum
710 3319 828 3365 nexum
859 3320 877 3365 e
907 3300 1051 3365 codicum
1082 3299 1211 3367 defectu
1329 3282 1364 3299 ‘⁴

86 3401 297 3485 repetendum
318 3421 389 3466 esse
405 3403 637 3466 demonstravit
653 3410 684 3467 et
707 3403 888 3484 ubicunque
908 3402 1085 3468 sententiae
1099 3401 1211 3469 haere-

86 3503 179 3586 bant,
208 3504 363 3568 asterisoo
393 3504 580 3587 interposito
610 3505 761 3570 lacunam
790 3503 953 3570 indicavit.
1004 3503 1105 3587 Cujus
1127 3506 1210 3570 ratio

86 3625 160 3671 cunr
183 3605 326 3670 novitate
347 3612 414 3670 tum
436 3605 662 3690 probabilitate
684 3611 810 3670 tantum
833 3605 968 3689 placuit,
990 3611 1025 3669 ut
1047 3606 1089 3670 ab
1111 3609 1210 3671 omni-

86 3706 148 3771 bus
170 3706 236 3772 fere
258 3708 337 3772 viris
359 3707 461 3773 doctis
484 3747 525 3756 -
548 3714 682 3792 excepto
704 3729 769 3772 una
792 3699 999 3790 Hertabergio
1022 3707 1083 3786 (ed.
1103 3707 1209 3774 Halae

89 3808 283 3896 1843-45)
306 3845 348 3856 -
371 3811 575 3894 acciperetur,
597 3809 643 3874 ita
664 3815 781 3892 tamen,
803 3815 838 3873 nt
861 3810 902 3873 ab
925 3809 998 3873 aliis
1013 3810 1116 3874 artius
1137 3829 1209 3874 con-

10 3942 12 3949 ·
85 3911 311 3996 stringeretur,
349 3913 391 3977 ab
422 3913 496 3977 aliis
531 3906 631 3977 latius
667 3917 909 3997 propagaretur.
963 3911 1038 3975 Jarn
1070 3930 1110 3976 ea
1140 3911 1209 3976 sola

86 4013 235 4095 quaestio
257 4020 366 4098 restat,
388 4035 464 4079 num
487 4034 627 4079 conexus
643 4015 820 4079 carminum
835 4013 935 4078 etiarn
956 4012 1208 4096 interpolationi-

85 4114 147 4179 bus
161 4105 357 4200 interruptus
380 4115 429 4181 sit.
472 4114 774 4181 AcLachmannum
789 4116 894 4201 ipsum
915 4135 979 4179 non
994 4114 1107 4198 paucis
1129 4114 1208 4179 locis

85 4215 212 4281 codices
249 4216 459 4301 interpolatos
495 4214 565 4283 esso
604 4217 766 4301 cognitum
804 4217 955 4283 habuisse
992 4216 1073 4281 satis
1108 4216 1209 4282 multa

971 4334 1005 4388 l*

551 4542 648 4602 ‘'ss-r
663 4542 690 4602 a
700 4532 850 4602 suf-{Q
