2760 4680
126 258 167 319 nl

125 447 183 513 per
203 425 396 511 particulam
419 424 477 490 καὶ
499 422 735 507 conjungantur
764 422 807 487 ad
835 420 921 487 idem
947 426 1076 506 tempus
1103 412 1235 507 spectare¹

126 548 257 595 necesso
279 535 336 612 est,
357 533 392 592 ut
413 525 594 611 germanice
616 530 755 591 vertam:
778 525 851 590 dem
873 523 1054 591 fliehenden
1076 525 1225 610 Argymu

124 630 330 714 nachjagend
360 631 426 695 und
449 633 539 695 dubet
560 627 658 693 Wind
680 627 746 692 und
768 627 894 692 Wellen
917 625 1083 691 fa'lsehlioh
1106 624 1238 701 beselel,¹

125 733 254 818 eligend.
298 733 398 816 Atqui
421 753 493 798 cum
520 730 726 815 participium
748 732 907 816 κυνηγῶν
929 728 974 795 ad
995 729 1104 795 vivum
1125 731 1224 815 Argyre

124 856 202 901 num
225 836 398 919 pertineat,
427 833 632 919 participium
654 827 949 916 καταψευδόμενος
970 831 1086 898 eodem
1107 836 1223 916 tempere

126 958 189 1001 non
211 941 318 1021 potest
340 936 379 1001 de
401 941 525 1000 mortuo
548 935 700 1019 Argynno
723 933 876 1017 intellegi
927 933 1043 1016 Neque
1065 933 1165 1017 magis
1181 932 1224 997 hoc

125 1039 273 1122 proxima
296 1038 395 1103 verba
418 1036 581 1102 Plutarchi
605 1037 750 1119 suadent,
772 1036 870 1101 immo
892 1036 966 1121 ipsa
990 1034 1143 1120 Copaidis
1156 1036 1223 1101 1111

125 1140 384 1205 commemoratio
416 1177 457 1186 -
486 1140 519 1203 in
553 1158 648 1222 quern
683 1137 858 1222 Cephissus
890 1136 1069 1202 infunditur
1102 1174 1142 1184 -
1170 1136 1223 1201 Plu·

126 1241 271 1307 tarchum
297 1241 423 1307 solitam
446 1242 589 1307 fabulam
613 1247 757 1306 secutum
779 1260 852 1305 esse
874 1239 1070 1324 comprobat

209 1345 259 1408 Ex
288 1345 393 1429 poetis
416 1344 570 1409 Romanis
599 1343 682 1408 hano
712 1343 856 1408 fabulam
879 1342 983 1426 tangit
1005 1341 1161 1407 Martialis
1177 1337 1244 1426 (ed'.

126 1445 389 1511 Schneidewinus
404 1446 536 1530 Lipsiae
554 1444 648 1531 1871)
672 1447 705 1511 in
728 1444 986 1529 epigrammaton
1008 1443 1091 1509 libro
1114 1442 1222 1526 111111.

227 1546 306 1626 Quis
327 1566 406 1632 puer
428 1547 479 1612 hic
501 1547 611 1612 nitidis
633 1547 760 1612 absistit
781 1545 948 1612 Ianthidos
969 1546 1065 1611 undis

278 1655 310 1714 et
331 1649 447 1733 fugitat
469 1649 633 1716 dominam
655 1650 773 1732 Naida,
796 1648 952 1732 numquid
974 1648 1103 1734 Hylas?

229 1751 255 1818 Ο
278 1752 358 1818 bene
381 1753 467 1835 quod
490 1753 573 1818 silva
595 1752 709 1817 colitur
731 1751 919 1836 Tirynthius
940 1752 1005 1816 ista
1063 1777 1064 1781 ¹

279 1860 311 1919 et
334 1855 420 1937 quod
443 1855 614 1920 amatrices
636 1861 704 1920 tam
725 1874 826 1939 prope
849 1859 957 1919 servat
980 1854 1096 1937 aquas!

228 1963 363 2024 Securos
386 1965 457 2024 licet
479 1964 534 2022 bor
553 1963 658 2036 fontes
681 1962 826 2039 Argynna
848 1963 1002 2021 ministres

277 2059 324 2123 nil
346 2059 465 2123 facient
487 2058 668 2143 Nymphae,
689 2078 729 2124 ne
751 2058 829 2124 velit
851 2058 922 2142 ipse
945 2077 1035 2123 cave.
1255 2112 1258 2123 .

126 2160 166 2225 de
188 2159 304 2242 quibus
326 2160 471 2243 pluribus
500 2160 678 2244 disputarit
700 2159 886 2226 Huschkius
907 2159 942 2223 in
964 2160 1122 2226 analectis
1141 2159 1229 2223 hem
1258 2162 1261 2167 '

111 2261 181 2326 ‚riis
204 2260 266 2346 (ed.
288 2260 422 2346 Lipsiae
447 2264 528 2326 1826
551 2285 581 2347 p.
604 2265 665 2327 302
689 2261 769 2349 seq.)
792 2263 924 2329 Nullum
946 2262 1043 2346 igitur
1064 2260 1229 2346 exemplum

125 2370 306 2447 extatque
330 2365 412 2430 mari
424 2365 612 2449 Argynnum
635 2365 782 2430 obrutum
798 2384 869 2430 esse
885 2363 1096 2430 confirmetur.
1128 2352 1233 2442 Quodsi
1263 2382 1268 2389 ·

126 2467 197 2547 quis
226 2466 377 2531 hocloco
400 2466 500 2532 dieat:
530 2467 656 2551 perdita
688 2473 762 2532 sunt
784 2469 928 2533 earmina
951 2466 1022 2550 ejus
1048 2472 1165 2553 poetae
1192 2458 1234 2548 qul
1265 2460 1270 2467 ’

126 2568 217 2632 illam
239 2568 370 2634 fabulae
393 2569 528 2633 formam
552 2569 654 2634 edidit
676 2569 709 2634 id
731 2569 811 2634 mihi
826 2568 1084 2654 respondendum
1107 2569 1236 2634 videtur:
1276 2640 1280 2647 ¹

125 2689 180 2734 eur
202 2690 243 2735 ne
266 2691 348 2734 unus
377 2671 507 2753 quidem
537 2691 555 2736 e
578 2677 668 2737 111110
691 2673 880 2756 scriptorum
902 2691 1034 2738 numero
1056 2672 1144 2738 illius
1162 2668 1271 2739 11111.

125 2771 266 2836 monium
288 2778 377 2837 secut
379 2793 416 2837 us
438 2774 510 2839 est?
554 2775 603 2839 De
633 2773 832 2840 Callimacho
862 2794 939 2840 vero
971 2773 1109 2857 cogitari
1131 2773 1289 2857 nequit

126 2874 210 2938 Nam
225 2876 398 2959 permirum
420 2883 512 2959 esset,
535 2898 562 2942 sr
554 2877 763 2961 Propertius
787 2877 841 2960 qui
856 2882 903 2943 tot
926 2877 1123 2943 carminibus
1145 2876 1246 2942 imita·

127 2981 226 3041 torem
243 2977 434 3043 Callimachi
456 2997 490 3044 11
512 2979 605 3063 profit
606 2985 699 3044 eatur
720 2978 811 3044 1111Ι
802 2999 873 3063 rpso
896 2979 966 3044 loco
989 2980 1030 3046 ab
1053 2979 1109 3044 1110
1133 2977 1247 3045 disces·

126 3076 228 3143 sisset.
273 3079 444 3146 Praeterea
475 3085 565 3146 tanta
595 3087 665 3146 erat
692 3080 884 3146 Callimachi
915 3081 1093 3147 auotoritas
1123 3087 1159 3146 ut
1188 3103 1251 3148 non

126 3179 266 3245 dubitem
291 3181 368 3263 quin
389 3181 481 3246 multi
501 3187 615 3264 poetae
637 3182 768 3248 fabulae
790 3183 1052 3268 compositionem
1075 3201 1176 3265 quam
1198 3183 1252 3249 ille

127 3281 261 3366 protulit
282 3282 439 3347 imitaturi
461 3282 587 3348 luerint.
632 3286 747 3368 ltaque
769 3285 803 3349 id
826 3286 928 3350 solum
950 3290 1058 3366 restat,
1084 3290 1253 3352 utcontra

126 3383 255 3449 solitam
285 3384 429 3450 fabulam
462 3385 647 3469 Propertius
682 3387 752 3470 ipse
782 3389 970 3472 Argynnum
1000 3386 1082 3451 mari
1110 3406 1253 3453 mersum

126 3507 197 3553 esse
219 3485 358 3570 finxerit,
386 3487 472 3570 quod
495 3506 592 3571 quam
614 3488 826 3571 periculosum
849 3489 889 3553 111
912 3509 980 3554 cum
1005 3489 1035 3553 ei
1058 3494 1177 3572 poetae
1200 3483 1254 3554 tri-

125 3590 271 3671 buamus,
293 3587 347 3670 qui
368 3589 402 3653 in
425 3590 520 3656 rebus
542 3589 765 3674 mythologicis
780 3591 937 3676 imprimis
960 3595 1108 3656 versatus
1130 3591 1172 3655 sit
1195 3613 1255 3677 per

126 3691 288 3774 seipsum
311 3690 391 3755 satis
414 3697 462 3757 est
483 3692 697 3776 perspicuum.
741 3693 847 3775 Atque
869 3692 1097 3776 Hertzbergius
1120 3692 1254 3776 quidem

125 3791 159 3854 in
182 3791 243 3855 hac
265 3811 299 3856 re
329 3791 484 3874 quidlibet
506 3800 621 3878 poetae
641 3793 783 3858 audendi
806 3799 999 3878 potestatem
1022 3793 1108 3874 11111,
1129 3795 1186 3877 qui
1208 3796 1253 3860 ad

126 3893 185 3977 ΙΙΙ,
201 3895 250 3976 30,
267 3896 306 3956 35
330 3893 385 3958 ubi
408 3894 447 3960 de
469 3915 579 3961 amore
602 3895 730 3961 Paridis
754 3901 786 3961 11
808 3896 942 3962 Veneris
965 3895 1083 3980 agitur,
1111 3895 1145 3960 in
1168 3916 1253 3962 eom-

126 3994 285 4060 mentario
301 3995 345 4080 (p.
361 3995 435 4080 219)
452 3997 497 4062 sic
519 3997 671 4063 adnotat:
694 3998 762 4062 Nos
785 4017 860 4063 vero
884 3997 992 4062 omnia
1007 3999 1089 4064 sicut
1109 3998 1144 4063 in
1159 3998 1253 4065 libris

127 4097 248 4180 scripta
270 4105 351 4180 sunt,
373 4106 461 4163 sarta
483 4107 567 4166 tecta
591 4100 747 4166 habemus
764 4099 840 4182 quia
861 4098 913 4166 hie
935 4106 969 4164 ut
990 4100 1085 4166 toties
1099 4100 1155 4166 uni
1177 4100 1253 4168 huie

126 4203 243 4282 poetae
265 4205 373 4265 nostro
396 4199 580 4269 doctissimo
603 4202 751 4270 notitiam
773 4201 844 4286 ejus
865 4202 985 4270 amoris
1027 4201 1108 4290 (soil
1122 4202 1252 4270 Paridis
