2760 4680
1210 238 1248 299 19

125 400 299 469 divellendi
322 400 442 470 hahere
466 423 568 487 neque
585 402 617 468 id
635 404 814 487 exemplum
832 403 917 485 quod
934 423 973 468 cx
985 403 1115 470 Valerio
1130 405 1248 470 Flacco

126 504 179 591 (II,
202 506 278 592 596)
301 507 409 572 affert:

433 626 549 690 iterum
572 625 701 690 Aeolios
723 624 851 689 senuna
873 633 1008 708 penates

200 736 325 808 spargit
346 734 378 792 et
400 728 511 795 infelix
536 727 719 811 Scythicum
742 746 821 809 gens
844 727 1028 808 quaerimus
1051 747 1176 793 amnem

125 847 210 911 hunc
233 868 325 911 usum
349 847 542 931 comprobat,
565 848 642 929 quia
664 831 730 910 illic
745 847 922 912 ablativus:
948 846 1083 926 „caedc“
1103 866 1165 929 quc
1179 855 1246 912 tota

125 969 177 1015 res
199 949 397 1031 dijudicatur
419 951 556 1014 omissus
579 955 637 1015 est.

209 1067 346 1133 Omnino
369 1075 477 1134 autem
499 1069 613 1134 verba:
637 1071 762 1133 alterna
778 1069 885 1151 caede,
909 1088 1092 1133 communes
1112 1077 1248 1152 penates

124 1172 168 1235 ad
191 1171 339 1235 diversas
369 1190 524 1254 personas
550 1171 660 1235 referri
682 1178 853 1252 nequeunt.
896 1172 1009 1252 ltaque
1031 1169 1248 1255 Lachmanno,

123 1273 282 1353 siquidem
309 1274 451 1351 ,alterna
476 1273 590 1338 caede“
617 1273 659 1337 ad
681 1273 789 1337 hostes
811 1274 944 1355 rettulit,
971 1293 1173 1350 ,communes
1194 1293 1247 1358 pc-

122 1380 232 1439 natcs“
260 1374 371 1439 eodem
402 1395 497 1440 sensu
527 1383 597 1439 erat
626 1375 910 1458 interpretandum.
955 1375 1035 1440 Cum
1065 1381 1175 1440 tamen
1201 1375 1247 1439 in-

123 1477 274 1559 geniosus
296 1477 350 1541 ille
373 1477 498 1541 criticus
530 1478 610 1542 bene
642 1477 853 1561 perspiceret,
890 1478 1050 1542 neminem
1080 1479 1127 1542 ita
1159 1478 1247 1559 loqui

124 1585 159 1642 ut
181 1599 254 1642 cunr
276 1577 421 1642 hostibus
443 1587 578 1662 penates
611 1579 673 1643 sibi
705 1598 887 1643 communes
910 1599 981 1643 esse
1011 1580 1111 1662 dicat,
1142 1581 1247 1643 incon-

125 1687 215 1744 stans
243 1700 314 1744 esse
344 1681 470 1759 maluit,
508 1701 604 1762 quam
635 1686 760 1744 tantam
792 1681 970 1746 sententiae
1001 1681 1245 1765 perversitatem

126 1782 305 1847 admittere.

213 1901 338 1967 Eadem
360 1902 528 1966 verborum
563 1902 777 1986 repugnantia
810 1902 843 1966 in
874 1900 1018 1985 proximo
1047 1922 1142 1966 versu
1178 1901 1248 1988 (22)

125 2003 216 2068 inest.
261 2002 425 2080 Quomodo
458 2005 544 2068 enim
567 2006 638 2087 quis
669 2011 740 2088 post
763 2007 922 2069 alternam
950 2004 1081 2068 caedem
1102 2005 1248 2088 praemia

125 2105 168 2169 ad
190 2106 314 2189 patrios
336 2106 421 2170 lares
444 2112 608 2190 reportare
638 2108 740 2195 possit
770 2107 866 2189 plane
897 2107 1024 2189 ignoro,
1060 2107 1088 2170 si
1118 2105 1245 2188 quidem

93 2286 96 2290 ,
126 2208 249 2272 alterna
272 2208 388 2272 caedes
411 2228 450 2272 ea
473 2208 589 2272 caedes
612 2214 675 2290 cst,
706 2227 770 2290 qua
801 2216 832 2272 et
861 2208 966 2290 isqui
998 2215 1135 2291 pugnat,
1166 2215 1197 2272 et
1218 2208 1247 2272 is

126 2329 260 2390 quocum
283 2316 406 2392 pugnat
429 2310 554 2373 alterna
576 2330 673 2373 manu
695 2309 933 2374 interficiuntur.

209 2428 379 2510 Reliquum
402 2435 450 2493 est
480 2434 514 2492 ut
538 2429 655 2514 Guyeti
687 2428 904 2512 conjecturam
936 2440 1084 2509 „externa
1107 2429 1243 2494 caedcs“

124 2550 181 2614 pro
190 2538 328 2613 „adanu
343 2530 477 2594 caedes“
489 2531 657 2595 scribentis
668 2550 764 2612 quam
773 2530 899 2595 Keilius
915 2529 1118 2596 commendat
1133 2528 1248 2615 (pac),

125 2651 378 2697 commemorem.
423 2632 487 2697 Sed
508 2631 570 2697 hac
600 2652 728 2715 quoque
757 2633 982 2698 emendatione
1004 2638 1135 2716 recepta
1157 2652 1248 2715 repu-

123 2734 259 2816 gnantia
272 2735 677 2816 inte1·vcrba„comnruncs
691 2735 844 2817 penates“
859 2742 890 2800 et
905 2740 1055 2818 „externa
1068 2734 1185 2799 caede“
1199 2751 1247 2798 re·

123 2842 242 2901 manet.
285 2837 370 2900 Nam
386 2856 457 2900 cum
473 2855 673 2918 „communes
688 2837 841 2920 penatcs“
856 2839 890 2901 in
905 2837 966 2902 hac
981 2836 1149 2901 verborum
1172 2855 1244 2899 con-

121 2937 287 3019 junctione
309 2937 389 3002 nihil
412 2937 566 3021 significet
588 2937 652 3001 nisi
674 2937 868 3002 domicilium
898 2958 1065 3003 commune
1088 2936 1246 3021 Propertii

124 3047 155 3104 et
178 3040 352 3124 Cynthiae,
388 3039 658 3122 quemadmodum
688 3040 768 3103 illud
802 3047 935 3105 externa
966 3040 1064 3105 caede
1095 3039 1246 3123 adspergi

124 3143 235 3226 possit,
257 3162 321 3206 non
343 3143 510 3226 perspicio.

211 3261 302 3339 Quae
324 3261 429 3325 omnia
455 3261 483 3324 si
505 3261 672 3326 considero
695 3281 759 3324 non
780 3280 911 3345 possum
940 3261 1137 3345 persuadere
1159 3259 1244 3343 mihi,

123 3363 197 3427 illos
218 3383 329 3428 versus
352 3364 508 3446 genuinos
531 3382 618 3446 csse,
647 3363 702 3446 qui
724 3365 863 3448 primum
886 3364 983 3447 plane
1011 3362 1141 3427 inutiles
1164 3367 1245 3444 sunt,

124 3473 191 3528 tum
224 3485 244 3528 a
274 3463 397 3531 conexu
434 3467 666 3531 sententiarum
703 3486 832 3548 prorsus
864 3465 1070 3545 dissentiant,
1107 3463 1245 3544 denique

123 3567 353 3649 grammaticas
375 3567 547 3632 exhibeant
563 3566 766 3631 difficultates
782 3569 950 3632 maximas.
993 3566 1121 3649 Duplex
1138 3570 1245 3630 autem

125 3669 379 3752 interpolationis
415 3690 516 3753 genus
548 3668 625 3733 mihi
658 3668 784 3734 videtur
813 3670 953 3735 subesse.
996 3666 1138 3732 Primum
1160 3668 1244 3731 enim

126 3789 235 3835 versus
254 3774 376 3836 19-20
399 3774 441 3837 ab
464 3793 502 3838 co
524 3772 710 3856 interpolati
734 3777 815 3855 sunt,
838 3773 893 3854 qui
917 3792 987 3836 cum
1010 3770 1178 3834 transitum
1201 3769 1244 3834 ad

125 3872 260 3936 alteram
282 3880 408 3957 partem
431 3875 526 3938 nimis
548 3874 719 3958 abruptum
738 3873 956 3955 existimaret,
984 3872 1122 3956 repetita
1150 3871 1245 3956 primi

125 3995 237 4038 versus
259 3975 504 4058 interrogatione
527 3996 682 4041 conexum
704 3976 792 4041 illius
818 3977 919 4059 partis
941 3975 1094 4060 expedire
1116 3973 1244 4040 studuit

126 4080 209 4141 'lum
233 4077 284 4142 ab
297 4078 397 4143 altero
420 4078 648 4164 interpolatore
678 4099 790 4144 versus
813 4081 938 4141 21-22
969 4078 1141 4160 excogitati
1163 4085 1244 4162 sunt,

126 4179 241 4260 quibus
262 4179 317 4244 ille
340 4181 439 4246 verba
460 4202 489 4246 v.
505 4184 545 4245 20
568 4181 662 4246 litora
682 4191 755 4246 acic
775 4180 937 4264 explicare
952 4179 1057 4263 vellet,
1080 4177 1138 4243 sed
1152 4185 1244 4242 tanta

1006 4297 1040 4349 2*
