2760 4680
143 246 180 310 14

225 417 267 482 At
290 416 462 482 cohaerere
497 414 640 499 singulas
670 412 794 498 elegiae
823 418 931 498 partes
967 410 1090 480 scilicet
1119 410 1263 498 exceptis

136 520 283 586 versibus
302 522 425 584 19-22
449 527 563 606 postea
594 519 893 584 demonstrabimus.
937 518 1130 600 Priusquam
1153 522 1262 582 autem

136 625 199 708 ipsi
222 623 305 688 banc
328 623 549 707 quaestionem
565 622 789 706 disceptemus,
812 621 863 687 oui
878 620 1010 686 tandem
1026 639 1138 685 versus
1157 621 1264 683 1-18

135 726 294 791 tribuendi
323 726 400 810 sint,
432 726 476 790 ad
498 745 628 792 carmen
650 725 703 808 IV,
726 728 764 788 21
798 722 1007 807 accedamus,
1044 742 1083 788 ex
1113 740 1180 805 quo
1212 719 1266 786 bic

134 829 224 894 locus
256 828 428 912 plurimam
458 829 562 895 lucem
590 827 669 893 mihi
699 826 846 910 accipere
868 825 1004 892 videtur.
1046 824 1143 888 Initio
1176 824 1266 889 onim

136 931 206 1014 ejus
229 931 382 996 carminis
405 931 485 997 haec
507 931 670 1015 leguntur:

258 1034 410 1117 Magnum
432 1035 492 1099 iter
515 1034 561 1099 ad
584 1035 696 1100 doctas
718 1032 875 1118 proficisci
897 1051 993 1114 eogor
1014 1026 1172 1113 Athenas,

308 1143 344 1202 ut
365 1156 417 1201 me
438 1137 535 1220 longa
558 1137 652 1221 gravi
674 1138 779 1202 solvat
801 1154 910 1200 amore
932 1134 993 1201 via

258 1238 381 1304 Crescit
403 1239 488 1304 enim
510 1239 641 1305 assidue
664 1230 823 1324 spectanti
845 1257 921 1303 cura
942 1232 1081 1322 puellae,

306 1340 379 1425 ipsa
402 1341 558 1407 alimenta
580 1342 640 1406 sibi
663 1341 805 1406 maxima
827 1341 960 1426 praebet
982 1359 1081 1404 amor.

257 1441 375 1509 Omnia
397 1450 471 1508 sunt
493 1450 649 1529 temptata
671 1443 750 1508 mihi
773 1463 963 1526 quacunque
985 1440 1092 1525 fugari

306 1546 417 1631 possit,
439 1553 473 1612 at
495 1565 535 1612 ex
558 1547 644 1611 omni
666 1566 717 1612 me
739 1547 854 1631 premit
875 1546 936 1611 iste
960 1545 1045 1610 deus.

257 1649 320 1714 Vix
342 1656 452 1715 tamen
474 1655 530 1714 aut
552 1650 652 1715 semel
674 1649 815 1715 admittit
837 1669 907 1714 cum
931 1667 1031 1732 saepe
1053 1645 1189 1730 negarit,

306 1771 364 1816 seu
385 1751 472 1817 venit
493 1757 636 1817 extremo
659 1751 777 1816 dormit
798 1751 918 1816 amicta
941 1757 1019 1815 toro.

255 1854 360 1920 Unum
384 1853 444 1920 er-it
466 1853 638 1919 auxilium:
666 1855 798 1919 mutatis
822 1852 963 1938 Cynthia
985 1851 1079 1918 terris

307 1963 462 2040 quantum
485 1955 586 2023 oeulis
608 1957 715 2021 animo
738 1963 804 2020 tam
827 1957 937 2040 procul
958 1955 1018 2020 ibit
1040 1974 1140 2020 amor.

204 2060 289 2125 Satis
312 2060 415 2125 exiis
438 2059 584 2124 versibus
607 2060 710 2125 clucet
732 2065 863 2143 poetam
885 2059 984 2124 nimio
999 2059 1128 2142 puellae
1143 2077 1258 2124 amore

131 2163 299 2246 abreptum
322 2162 380 2229 sed
402 2161 501 2227 variis
523 2162 627 2226 modis
649 2161 828 2247 aCynthia
850 2161 978 2226 illusum
1001 2161 1035 2226 in
1050 2161 1135 2226 alias
1150 2167 1258 2226 terras

131 2263 304 2330 abscedere
327 2265 537 2331 constituisse.
581 2263 690 2343 Quid?
728 2265 755 2330 si
785 2265 924 2349 primam
952 2269 1077 2349 partem
1101 2263 1257 2329 carminis

130 2368 192 2450 ΙΙΙ,
224 2369 273 2448 28,
310 2387 422 2433 versus
448 2370 549 2430 1-18
574 2366 735 2452 Cynthiae
765 2367 935 2432 tribuimus
964 2387 1048 2449 quae
1077 2365 1257 2450 fugientem

130 2475 260 2555 poetam
284 2469 410 2534 blandis
432 2470 538 2534 verbis
560 2470 696 2535 retinere
719 2469 847 2535 studet?
884 2470 1009 2555 Nempe
1038 2469 1072 2534 id
1094 2469 1257 2554 imprimis

131 2572 323 2636 feminarum
345 2578 410 2655 est,
440 2578 475 2635 ut
497 2573 590 2636 modo
614 2571 789 2655 asperitate
811 2579 842 2637 et
864 2566 983 2637 duritia
1007 2577 1183 2637 amatorem
1206 2592 1256 2638 re-

130 2675 262 2758 pellant,
284 2675 379 2738 modo
403 2674 664 2756 exquisitissimis
686 2674 851 2739 blanditiis
873 2674 1036 2758 repulsum
1059 2674 1102 2738 ad
1125 2693 1159 2738 se
1182 2675 1255 2738 alli·

130 2777 225 2841 ciant.
269 2774 349 2841 Cum
378 2775 440 2842 hac
469 2776 734 2861 interpretatione
772 2777 885 2842 melius
920 2777 1111 2842 conveniunt
1140 2797 1255 2842 uersus

134 2881 272 2943 11—12:

281 2983 321 3048 nt
338 2982 409 3065 jam
432 2983 460 3048 si
482 3002 595 3068 pecces
617 2983 696 3048 deus
718 2981 891 3048 exorabilis
914 2981 968 3048 ille
990 2988 1048 3066 est,

214 3167 216 3171 .
358 3086 386 3149 si
408 3084 502 3151 modo
525 3091 713 3171 praesentes
735 3084 852 3150 viderit
874 3085 937 3150 iste
958 3105 1078 3168 preces.

129 3188 248 3273 quippe
271 3206 350 3269 quos
373 3187 493 3254 femina
516 3189 624 3272 potius
655 3188 698 3253 ad
721 3187 946 3273 desperantem
976 3190 1153 3252 amatorem
1178 3188 1249 3252 sori-

64 3365 66 3370 ,
126 3291 202 3355 bere
225 3289 327 3354 soleat
334 3341 341 3372 ,
379 3310 477 3372 quam
507 3297 684 3357 amatorem
718 3291 761 3355 ad
783 3291 926 3374 puellam
956 3295 1100 3355 amatam
1123 3289 1250 3354 mittere

128 3391 250 3457 deceat.
307 3392 453 3475 Denique
490 3391 524 3456 hi
561 3412 671 3458 omnes
707 3411 819 3458 versus
856 3398 981 3456 tantam
1019 3392 1249 3457 sententiarum

127 3492 322 3577 elegantiam
360 3494 548 3578 ostendunt,
592 3500 716 3560 tantam
753 3494 943 3560 suavitatem
979 3494 1080 3558 animi
1116 3494 1250 3579 spirant,

126 3596 289 3678 tantisque
310 3594 434 3660 facetiis
458 3597 626 3680 compositi
647 3604 729 3679 sunt,
750 3602 786 3661 ut
808 3595 976 3681 aptissime
997 3595 1137 3663 feminae
1160 3617 1249 3663 ama·

126 3706 228 3764 torem
256 3696 383 3761 blandis
413 3698 520 3763 verbis
556 3699 706 3763 retinenti
738 3697 834 3764 tribui
870 3698 1011 3784 possint,
1054 3700 1248 3781 praesertim

127 3820 198 3865 cum
222 3798 394 3885 Oyntbiam
424 3799 458 3864 in
479 3801 623 3866 versibus
652 3801 880 3887 componendis
909 3821 972 3866 non
1002 3798 1115 3866 rudem
1148 3801 1249 3866 fuisse

126 3906 258 3967 constet.

169 4005 193 4088 Ι,
216 4008 244 4086 2,
267 4007 410 4072 27-30;

229 4105 309 4171 Cum
332 4107 390 4172 tibi
412 4110 600 4192 praesertim
623 4109 771 4177 Phoebus
794 4129 853 4175 sua
876 4110 1020 4175 carmina
1042 4110 1138 4175 donet

278 4210 481 4293 Aoniamque
502 4211 606 4278 libens
628 4212 799 4299 Calliopea
821 4213 936 4298 lyram,
