2760 4680
1211 303 1248 365 21

284 490 350 554 qua
371 475 462 535 notat
484 468 629 553 Argynni
651 489 756 554 poena
779 468 932 534 minantis
954 488 1067 551 aquae.

215 574 305 639 Hace
320 572 419 638 verba
437 591 507 636 cum
523 590 582 655 per
601 591 637 636 se
658 571 780 636 nullum
801 591 928 636 sensum
942 571 1126 656 praebeant,
1148 592 1252 638 emon-

131 675 240 740 danda
269 695 341 741 csse
367 674 462 741 facile
490 674 674 758 perspicies.
718 673 765 738 Ac
786 673 925 758 primum
947 673 1146 758 Scaligerum
1170 695 1251 741 com·

130 797 271 843 memoro
295 779 350 860 qui
372 777 512 862 scripsit:

284 899 369 962 quae
391 885 482 944 notat
504 877 649 964 Argynni
672 898 777 962 poena
799 878 945 942 natantis
967 897 1063 961 aqua.

166 1005 173 1010 ·
216 981 307 1060 Quae
337 983 521 1066 conjectura
558 987 729 1066 propterea
763 980 840 1045 mihi
875 980 1000 1046 videtur·
1031 981 1141 1065 inepta
1171 1002 1251 1068 esso,

130 1085 216 1168 quod
246 1090 367 1166 „aqua“
401 1085 442 1149 ad
465 1088 608 1162 „natare“
643 1083 826 1168 appositum
857 1103 987 1166 prorsus
1017 1103 1251 1168 supervacuum

129 1194 192 1271 cst,
221 1205 324 1269 neque
347 1205 483 1268 usquam
505 1186 690 1270 Propertius
716 1205 820 1268 „aqua
842 1189 972 1250 natare“
997 1183 1093 1271 dixis,
1116 1187 1144 1251 is
1165 1187 1250 1252 enim

130 1294 186 1354 aul
214 1295 330 1354 natare
358 1287 503 1353 absolute
532 1289 639 1373 ponit,
675 1294 732 1353 aut
761 1288 942 1354 accuratius
970 1288 1026 1352 ubi
1055 1289 1132 1371 quid
1161 1295 1251 1356 natet

129 1389 296 1474 significat.
340 1389 394 1454 Sic
416 1389 519 1454 bisin
542 1389 605 1455 hac
627 1391 732 1474 elegia
755 1390 914 1455 absolute:

315 1513 344 1558 u.
368 1494 396 1557 8.
430 1499 461 1557 et
482 1513 567 1558 nova
588 1493 773 1576 longinquis
794 1492 936 1577 piscibus
959 1512 1034 1558 esca
1055 1499 1156 1559 natat.

347 1600 393 1662 17.
427 1595 504 1678 quid
526 1615 603 1660 cara
625 1596 750 1660 natanti
772 1600 876 1660 mater
898 1595 931 1658 in
954 1615 1008 1660 ore
1030 1594 1143 1661 tibist?

128 1700 206 1764 item
220 1699 274 1782 IV,
291 1702 339 1782 11,
355 1699 395 1761 32
428 1703 537 1780 totque
560 1696 674 1762 hiemis
696 1703 805 1763 noctes
828 1702 939 1779 totque
960 1702 1092 1762 natasse
1115 1697 1192 1763 dies.

126 1805 128 1809 ’
237 1800 272 1883 V,
291 1801 395 1884 1,116
430 1805 462 1864 et
483 1804 576 1864 natat
598 1799 724 1864 exuviis
746 1799 886 1865 Graecia
906 1819 1020 1884 pressa
1043 1800 1118 1866 suis.

213 1904 404 1969 Accuratius
415 1903 635 1987 exprimuntur
645 1903 704 1986 111,
714 1905 742 1987 7,
755 1905 795 1966 52
808 1901 943 1968 calathis
954 1907 1067 1968 natare
1079 1902 1136 1987 111,
1148 1905 1197 1987 20,
1208 1906 1248 1966 24

126 2005 160 2070 in
182 2011 276 2091 portu
298 2011 420 2089 natare,
441 2007 501 2090 111,
516 2008 566 2089 28,
583 2010 621 2070 17
644 2005 728 2071 vado
743 2004 912 2070 Maeandri
934 2011 1055 2089 natare,
1070 2006 1124 2089 IV,
1142 2009 1191 2090 22,
1211 2009 1247 2070 13

127 2109 209 2174 inter
232 2127 313 2174 saxa
329 2113 452 2175 natare.
495 2109 664 2191 Nusquam
679 2116 786 2174 autem
802 2107 988 2192 simpliciter
1003 2127 1103 2191 „aqua
1118 2114 1247 2176 natare“

126 2211 280 2277 invenies.

212 2313 289 2377 Post
301 2312 508 2395 Scaligerum,
523 2316 557 2375 ut
569 2311 651 2376 alios
666 2310 819 2395 omittam,
835 2310 1061 2377 Lachmannus
1076 2313 1111 2377 in
1126 2313 1248 2396 majore

127 2414 268 2480 editione
289 2413 334 2499 (p.
349 2412 425 2500 253)
449 2413 533 2479 hanc
555 2412 683 2478 distichi
705 2412 842 2478 formam
864 2413 979 2479 edidit:
999 2445 1000 2448 ¹

229 2516 310 2581 Sunt
331 2516 604 2601 Agamemnonias
626 2515 779 2582 testantia
800 2515 895 2582 litora
919 2536 1025 2582 curas:

280 2620 364 2703 'quae
386 2625 477 2686 notat
492 2619 638 2704 Argynni
660 2639 766 2703 poena
789 2619 922 2684 minacis
944 2638 1058 2702 aquae.

212 2721 277 2787 Sed
306 2722 339 2786 in
362 2721 423 2787 hac
452 2727 611 2787 structura
639 2722 808 2788 verborum
830 2721 906 2788 ferri
928 2741 991 2786 non
1013 2718 1133 2808 potest,
1161 2724 1247 2806 quod

125 2824 303 2907 genetivus:
334 2823 471 2890 minacis
492 2842 600 2906 aquae
622 2843 642 2888 a
665 2822 878 2889 substantivo:
908 2823 1003 2890 litore
1024 2826 1247 2909 praecedentis

125 2946 238 2990 versus
259 2932 306 2991 tot
327 2926 433 2991 verbis
447 2924 643 3010 interpositis
658 2925 785 3010 pendet.
828 2927 929 2990 Immo
952 2926 985 2990 in
1003 2926 1065 2992 hac
1078 2928 1244 2994 verborum

126 3029 335 3094 collocatione
364 3049 428 3093 non
450 3034 556 3112 potest
578 3028 730 3112 conjungi
752 3027 815 3092 nisi
842 3047 946 3112 poena
975 3029 1111 3094 minacis
1133 3046 1245 3113 aquae.

125 3131 239 3214 Neque
261 3130 502 3215 Lachmannus,
525 3131 674 3214 quamvis
695 3136 781 3196 esset
801 3129 966 3197 literarum
988 3131 1123 3216 peritus,
1146 3133 1243 3198 ullum

125 3233 196 3316 ejus
218 3231 460 3299 constructionis
483 3232 666 3318 exemplum
696 3233 812 3298 attulit.
854 3233 977 3299 Eodem
1004 3233 1081 3299 vitio
1110 3234 1246 3318 laborat,

125 3336 210 3416 quod
231 3336 263 3400 in
287 3336 389 3401 altera
412 3334 552 3401 editione
568 3334 684 3422 (Berol.
703 3338 783 3401 1829
800 3355 832 3420 p.
846 3335 901 3420 71)
916 3335 950 3399 in
973 3341 1096 3401 textum
1111 3338 1243 3421 recepit:

278 3456 342 3521 qua
364 3443 442 3502 nota
463 3437 609 3522 Argynni
631 3458 737 3522 poena
760 3437 895 3503 minacis
917 3457 1031 3521 aquae.

209 3540 277 3606 Nec
304 3539 408 3622 magis
437 3539 679 3604 commendatur
701 3539 816 3604 Jacobi
845 3540 1038 3624 conjectura,
1070 3559 1166 3622 quam
1188 3540 1244 3608 ille

124 3641 158 3705 in
179 3642 440 3707 adnotationibus
463 3641 506 3728 (p.
524 3641 596 3728 193)
618 3642 796 3727 proposuit:

277 3763 342 3827 qua
364 3750 455 3809 natat
476 3745 622 3830 Argynni
643 3765 749 3830 poena
771 3743 923 3808 minantis
945 3764 1061 3827 aquae.

209 3846 293 3911 Nam
324 3847 367 3912 ad
394 3847 475 3912 illud
505 3852 681 3913 structurae
711 3847 823 3913 vitium
846 3846 931 3930 quod
953 3846 1002 3912 bis
1024 3847 1118 3913 modo
1141 3867 1244 3933 repre

124 3945 221 4011 hendi
251 3948 386 4033 accedit,
420 3951 505 4032 quod
533 3951 566 4015 in
596 3949 716 4015 verbis:
749 3968 855 4033 poena
885 3953 978 4014 natat
1006 3948 1102 4014 nimis
1132 3950 1243 4016 audax

124 4049 311 4132 metaphora
332 4052 424 4116 inest.

207 4152 355 4235 Denique
367 4154 592 4238 Hertzbergius
606 4154 647 4220 de
662 4154 927 4220 reconditioribus
941 4154 1080 4219 fontibus
1091 4153 1243 4223 hauriens

124 4249 177 4339 (cx
201 4251 364 4339 Stephano
387 4253 542 4338 Byzantio
564 4254 613 4323 ed.
635 4255 833 4323 Meinechius
855 4256 958 4324 Berol.
979 4258 1058 4323 1849
1074 4257 1097 4342 Ι,
1111 4278 1142 4344 p.
1160 4257 1241 4344 114.)
