<?xml version="1.0" encoding="UTF-8"?>
<!DOCTYPE html PUBLIC "-//W3C//DTD XHTML 1.0 Transitional//EN"
    "http://www.w3.org/TR/xhtml1/DTD/xhtml1-transitional.dtd">
<html xmlns="http://www.w3.org/1999/xhtml" xml:lang="en" lang="en">
 <head>
  <title>
</title>
<meta http-equiv="Content-Type" content="text/html;charset=utf-8" />
  <meta name='ocr-system' content='tesseract 3.04.00' />
  <meta name='ocr-capabilities' content='ocr_page ocr_carea ocr_par ocr_line ocrx_word'/>
</head>
<body>
  <div class='ocr_page' id='page_1' title='image "./quaestionesprop00webegoog_0005.png"; bbox 0 0 2760 4680; ppageno 0'>
   <div class='ocr_carea' id='block_1_1' title="bbox 129 280 146 350">
    <p class='ocr_par' dir='ltr' id='par_1_1' title="bbox 129 280 146 350">
     <span class='ocr_line' id='line_1_1' title="bbox 129 280 146 350; baseline 0 0"><span class='ocrx_word' id='word_1_1' title='bbox 129 280 146 350; x_wconf 82' lang='lat' dir='ltr'>l</span> 
     </span>
    </p>
   </div>
   <div class='ocr_carea' id='block_1_2' title="bbox 127 448 1252 642">
    <p class='ocr_par' dir='ltr' id='par_1_2' title="bbox 127 448 1252 642">
     <span class='ocr_line' id='line_1_2' title="bbox 128 448 1252 540; baseline -0.006 -18"><span class='ocrx_word' id='word_1_2' title='bbox 128 457 285 540; x_wconf 86' lang='lat' dir='ltr'>exempla,</span> <span class='ocrx_word' id='word_1_3' title='bbox 306 475 389 538; x_wconf 91' lang='lat' dir='ltr'>quae</span> <span class='ocrx_word' id='word_1_4' title='bbox 412 458 524 520; x_wconf 81' lang='lat' dir='ltr'><strong>extant</strong></span> <span class='ocrx_word' id='word_1_5' title='bbox 546 448 579 519; x_wconf 91' lang='lat' dir='ltr'>in</span> <span class='ocrx_word' id='word_1_6' title='bbox 601 454 706 539; x_wconf 89' lang='lat' dir='ltr'>prima</span> <span class='ocrx_word' id='word_1_7' title='bbox 729 454 868 519; x_wconf 78' lang='lat' dir='ltr'><strong>editione</strong></span> <span class='ocrx_word' id='word_1_8' title='bbox 888 451 1033 539; x_wconf 78' lang='lat' dir='ltr'>(Lipsiae</span> <span class='ocrx_word' id='word_1_9' title='bbox 1059 454 1252 538; x_wconf 82' lang='grc'>1818)11111-</span> 
     </span>
     <span class='ocr_line' id='line_1_3' title="bbox 127 554 1250 642; baseline -0.004 -20"><span class='ocrx_word' id='word_1_10' title='bbox 127 559 271 642; x_wconf 89' lang='lat' dir='ltr'>probant.</span> <span class='ocrx_word' id='word_1_11' title='bbox 322 558 387 624; x_wconf 78' lang='lat' dir='ltr'>Sed</span> <span class='ocrx_word' id='word_1_12' title='bbox 418 557 504 622; x_wconf 90' lang='lat' dir='ltr'>idem</span> <span class='ocrx_word' id='word_1_13' title='bbox 539 557 571 620; x_wconf 90' lang='lat' dir='ltr'>in</span> <span class='ocrx_word' id='word_1_14' title='bbox 603 557 707 621; x_wconf 89' lang='lat' dir='ltr'>altera</span> <span class='ocrx_word' id='word_1_15' title='bbox 739 555 879 621; x_wconf 80' lang='lat' dir='ltr'>editione</span> <span class='ocrx_word' id='word_1_16' title='bbox 909 556 1066 639; x_wconf 80' lang='lat' dir='ltr'>Propertii</span> <span class='ocrx_word' id='word_1_17' title='bbox 1096 554 1250 640; x_wconf 86' lang='lat' dir='ltr'>(Berolini</span> 
     </span>
    </p>
   </div>
   <div class='ocr_carea' id='block_1_3' title="bbox 127 657 1252 1153">
    <p class='ocr_par' dir='ltr' id='par_1_3' title="bbox 127 657 1252 1153">
     <span class='ocr_line' id='line_1_4' title="bbox 128 657 1252 743; baseline -0.004 -19"><span class='ocrx_word' id='word_1_18' title='bbox 128 681 192 724; x_wconf 90' lang='lat' dir='ltr'>una</span> <span class='ocrx_word' id='word_1_19' title='bbox 215 680 285 725; x_wconf 88' lang='lat' dir='ltr'>cunr</span> <span class='ocrx_word' id='word_1_20' title='bbox 303 659 428 725; x_wconf 84' lang='lat' dir='ltr'>Catullo</span> <span class='ocrx_word' id='word_1_21' title='bbox 452 665 483 724; x_wconf 89' lang='lat' dir='ltr'>et</span> <span class='ocrx_word' id='word_1_22' title='bbox 499 658 626 723; x_wconf 86' lang='lat' dir='ltr'>&#39;Pibullo</span> <span class='ocrx_word' id='word_1_23' title='bbox 649 657 924 743; x_wconf 78' lang='lat' dir='ltr'>expressa1829),</span> <span class='ocrx_word' id='word_1_24' title='bbox 948 678 1017 722; x_wconf 92' lang='lat' dir='ltr'>cum</span> <span class='ocrx_word' id='word_1_25' title='bbox 1041 658 1074 721; x_wconf 93' lang='lat' dir='ltr'>id</span> <span class='ocrx_word' id='word_1_26' title='bbox 1091 663 1252 742; x_wconf 71' lang='lat' dir='ltr'>spectaret</span> 
     </span>
     <span class='ocr_line' id='line_1_5' title="bbox 127 760 1251 846; baseline -0.005 -20"><span class='ocrx_word' id='word_1_27' title='bbox 127 769 163 826; x_wconf 91' lang='lat' dir='ltr'>ut</span> <span class='ocrx_word' id='word_1_28' title='bbox 192 761 337 826; x_wconf 89' lang='lat' dir='ltr'>codicum</span> <span class='ocrx_word' id='word_1_29' title='bbox 368 762 555 846; x_wconf 80' lang='lat' dir='ltr'>scripturam</span> <span class='ocrx_word' id='word_1_30' title='bbox 594 760 861 842; x_wconf 85' lang='lat' dir='ltr'>quammaxime</span> <span class='ocrx_word' id='word_1_31' title='bbox 896 766 1005 844; x_wconf 89' lang='lat' dir='ltr'>posset</span> <span class='ocrx_word' id='word_1_32' title='bbox 1034 761 1251 842; x_wconf 88' lang='lat' dir='ltr'>incorruptam</span> 
     </span>
     <span class='ocr_line' id='line_1_6' title="bbox 128 860 1252 949; baseline -0.005 -19"><span class='ocrx_word' id='word_1_33' title='bbox 128 864 244 948; x_wconf 84' lang='lat' dir='ltr'>ederet,</span> <span class='ocrx_word' id='word_1_34' title='bbox 260 862 313 949; x_wconf 82' lang='lat' dir='ltr'>(ef.</span> <span class='ocrx_word' id='word_1_35' title='bbox 328 865 462 930; x_wconf 89' lang='lat' dir='ltr'>Hermes</span> <span class='ocrx_word' id='word_1_36' title='bbox 478 864 514 948; x_wconf 90' lang='lat' dir='ltr'>V,</span> <span class='ocrx_word' id='word_1_37' title='bbox 529 885 559 947; x_wconf 89' lang='lat' dir='ltr'>p.</span> <span class='ocrx_word' id='word_1_38' title='bbox 576 862 639 948; x_wconf 83' lang='grc'>14),</span> <span class='ocrx_word' id='word_1_39' title='bbox 655 882 765 928; x_wconf 93' lang='lat' dir='ltr'>omnes</span> <span class='ocrx_word' id='word_1_40' title='bbox 780 863 846 927; x_wconf 81' lang='lat' dir='ltr'>fere</span> <span class='ocrx_word' id='word_1_41' title='bbox 861 882 981 945; x_wconf 85' lang='lat' dir='ltr'>versus,</span> <span class='ocrx_word' id='word_1_42' title='bbox 1003 882 1083 943; x_wconf 90' lang='lat' dir='ltr'>quos</span> <span class='ocrx_word' id='word_1_43' title='bbox 1098 862 1131 924; x_wconf 93' lang='lat' dir='ltr'>in</span> <span class='ocrx_word' id='word_1_44' title='bbox 1146 860 1252 945; x_wconf 90' lang='lat' dir='ltr'>prima</span> 
     </span>
     <span class='ocr_line' id='line_1_7' title="bbox 128 963 1251 1048; baseline -0.007 -15"><span class='ocrx_word' id='word_1_45' title='bbox 128 966 265 1033; x_wconf 85' lang='lat' dir='ltr'>editione</span> <span class='ocrx_word' id='word_1_46' title='bbox 297 967 387 1032; x_wconf 90' lang='lat' dir='ltr'>uncis</span> <span class='ocrx_word' id='word_1_47' title='bbox 417 967 604 1048; x_wconf 75' lang='lat' dir='ltr'>incluserat,</span> <span class='ocrx_word' id='word_1_48' title='bbox 633 966 667 1029; x_wconf 93' lang='lat' dir='ltr'>in</span> <span class='ocrx_word' id='word_1_49' title='bbox 697 965 880 1030; x_wconf 90' lang='lat' dir='ltr'>continuum</span> <span class='ocrx_word' id='word_1_50' title='bbox 909 965 1077 1030; x_wconf 80' lang='lat' dir='ltr'>verborum</span> <span class='ocrx_word' id='word_1_51' title='bbox 1108 963 1251 1028; x_wconf 85' lang='lat' dir='ltr'>ordinem</span> 
     </span>
     <span class='ocr_line' id='line_1_8' title="bbox 127 1065 1252 1153; baseline -0.004 -20"><span class='ocrx_word' id='word_1_52' title='bbox 127 1069 255 1153; x_wconf 90' lang='lat' dir='ltr'>recepit.</span> <span class='ocrx_word' id='word_1_53' title='bbox 299 1069 412 1151; x_wconf 88' lang='lat' dir='ltr'>Neque</span> <span class='ocrx_word' id='word_1_54' title='bbox 443 1074 552 1132; x_wconf 90' lang='lat' dir='ltr'>tamen</span> <span class='ocrx_word' id='word_1_55' title='bbox 578 1067 641 1133; x_wconf 94' lang='lat' dir='ltr'>bac</span> <span class='ocrx_word' id='word_1_56' title='bbox 663 1068 787 1132; x_wconf 88' lang='lat' dir='ltr'>ratione</span> <span class='ocrx_word' id='word_1_57' title='bbox 808 1066 971 1151; x_wconf 80' lang='lat' dir='ltr'>persuasit</span> <span class='ocrx_word' id='word_1_58' title='bbox 992 1066 1165 1149; x_wconf 88' lang='lat' dir='ltr'>Paldamo,</span> <span class='ocrx_word' id='word_1_59' title='bbox 1195 1065 1252 1147; x_wconf 91' lang='lat' dir='ltr'>qui</span> 
     </span>
    </p>
   </div>
   <div class='ocr_carea' id='block_1_4' title="bbox 4 1167 1251 1255">
    <p class='ocr_par' dir='ltr' id='par_1_4' title="bbox 4 1167 1251 1255">
     <span class='ocr_line' id='line_1_9' title="bbox 4 1167 1251 1255; baseline -0.006 -19"><span class='ocrx_word' id='word_1_60' title='bbox 4 1194 7 1199; x_wconf 91' lang='lat'>·</span> <span class='ocrx_word' id='word_1_61' title='bbox 128 1173 162 1236; x_wconf 91' lang='lat' dir='ltr'>in</span> <span class='ocrx_word' id='word_1_62' title='bbox 190 1170 274 1235; x_wconf 93' lang='lat' dir='ltr'>libro</span> <span class='ocrx_word' id='word_1_63' title='bbox 299 1171 437 1251; x_wconf 88' lang='lat' dir='ltr'>,erotica</span> <span class='ocrx_word' id='word_1_64' title='bbox 464 1171 629 1234; x_wconf 81' lang='lat' dir='ltr'>Romana“</span> <span class='ocrx_word' id='word_1_65' title='bbox 659 1169 812 1253; x_wconf 91' lang='lat' dir='ltr'>inscripto</span> <span class='ocrx_word' id='word_1_66' title='bbox 842 1168 1129 1255; x_wconf 86' lang='lat' dir='ltr'>(Grypbiswaldae</span> <span class='ocrx_word' id='word_1_67' title='bbox 1155 1167 1251 1252; x_wconf 90' lang='grc'>1833)</span> 
     </span>
    </p>
   </div>
   <div class='ocr_carea' id='block_1_5' title="bbox 83 1271 1252 4312">
    <p class='ocr_par' dir='ltr' id='par_1_5' title="bbox 83 1271 1252 4312">
     <span class='ocr_line' id='line_1_10' title="bbox 83 1271 1250 1358; baseline -0.004 -20"><span class='ocrx_word' id='word_1_68' title='bbox 83 1288 86 1293; x_wconf 76' lang='grc'><em>’</em></span> <span class='ocrx_word' id='word_1_69' title='bbox 128 1273 286 1358; x_wconf 88' lang='lat' dir='ltr'>Propertii</span> <span class='ocrx_word' id='word_1_70' title='bbox 308 1273 452 1338; x_wconf 88' lang='lat' dir='ltr'>carmina</span> <span class='ocrx_word' id='word_1_71' title='bbox 473 1292 537 1336; x_wconf 90' lang='lat' dir='ltr'>non</span> <span class='ocrx_word' id='word_1_72' title='bbox 559 1272 662 1336; x_wconf 93' lang='lat' dir='ltr'>solum</span> <span class='ocrx_word' id='word_1_73' title='bbox 677 1271 832 1337; x_wconf 90' lang='lat' dir='ltr'>lacunosa</span> <span class='ocrx_word' id='word_1_74' title='bbox 856 1271 913 1336; x_wconf 93' lang='lat' dir='ltr'>sed</span> <span class='ocrx_word' id='word_1_75' title='bbox 935 1272 1033 1336; x_wconf 88' lang='lat' dir='ltr'>etiam</span> <span class='ocrx_word' id='word_1_76' title='bbox 1056 1271 1250 1354; x_wconf 89' lang='lat' dir='ltr'>interpolata</span> 
     </span>
     <span class='ocr_line' id='line_1_11' title="bbox 128 1372 1251 1460; baseline -0.005 -20"><span class='ocrx_word' id='word_1_77' title='bbox 128 1395 200 1441; x_wconf 91' lang='lat' dir='ltr'>esse</span> <span class='ocrx_word' id='word_1_78' title='bbox 221 1375 442 1460; x_wconf 88' lang='lat' dir='ltr'>pronuntiavit</span> <span class='ocrx_word' id='word_1_79' title='bbox 458 1375 501 1459; x_wconf 89' lang='lat' dir='ltr'>(p.</span> <span class='ocrx_word' id='word_1_80' title='bbox 514 1373 577 1459; x_wconf 86' lang='grc'>70).</span> <span class='ocrx_word' id='word_1_81' title='bbox 614 1373 805 1439; x_wconf 84' lang='lat' dir='ltr'>Accuratius</span> <span class='ocrx_word' id='word_1_82' title='bbox 826 1380 933 1439; x_wconf 91' lang='lat' dir='ltr'>autem</span> <span class='ocrx_word' id='word_1_83' title='bbox 949 1373 989 1438; x_wconf 90' lang='lat' dir='ltr'>de</span> <span class='ocrx_word' id='word_1_84' title='bbox 1004 1372 1065 1437; x_wconf 91' lang='lat' dir='ltr'>hac</span> <span class='ocrx_word' id='word_1_85' title='bbox 1079 1392 1114 1436; x_wconf 92' lang='lat' dir='ltr'>re</span> <span class='ocrx_word' id='word_1_86' title='bbox 1127 1372 1251 1456; x_wconf 89' lang='lat' dir='ltr'>primus</span> 
     </span>
     <span class='ocr_line' id='line_1_12' title="bbox 129 1472 1251 1562; baseline -0.007 -19"><span class='ocrx_word' id='word_1_87' title='bbox 129 1477 288 1561; x_wconf 89' lang='lat' dir='ltr'>quaesivit</span> <span class='ocrx_word' id='word_1_88' title='bbox 314 1477 440 1543; x_wconf 88' lang='lat' dir='ltr'>Keilius</span> <span class='ocrx_word' id='word_1_89' title='bbox 471 1475 693 1562; x_wconf 78' lang='lat' dir='ltr'>(quaestiones</span> <span class='ocrx_word' id='word_1_90' title='bbox 722 1476 955 1560; x_wconf 90' lang='lat' dir='ltr'>Propertianae</span> <span class='ocrx_word' id='word_1_91' title='bbox 986 1475 1118 1539; x_wconf 90' lang='lat' dir='ltr'>Bonnae</span> <span class='ocrx_word' id='word_1_92' title='bbox 1148 1472 1251 1559; x_wconf 86' lang='grc'>1843),</span> 
     </span>
     <span class='ocr_line' id='line_1_13' title="bbox 129 1576 1251 1663; baseline -0.005 -19"><span class='ocrx_word' id='word_1_93' title='bbox 129 1581 183 1663; x_wconf 92' lang='lat' dir='ltr'>qui</span> <span class='ocrx_word' id='word_1_94' title='bbox 219 1579 360 1645; x_wconf 90' lang='lat' dir='ltr'>codicem</span> <span class='ocrx_word' id='word_1_95' title='bbox 390 1578 650 1661; x_wconf 80' lang='lat' dir='ltr'>Groninganum,</span> <span class='ocrx_word' id='word_1_96' title='bbox 688 1577 903 1642; x_wconf 89' lang='lat' dir='ltr'>firmissimum</span> <span class='ocrx_word' id='word_1_97' title='bbox 934 1576 1135 1643; x_wconf 90' lang='lat' dir='ltr'>Lachmanni</span> <span class='ocrx_word' id='word_1_98' title='bbox 1173 1577 1251 1640; x_wconf 91' lang='lat' dir='ltr'>artis</span> 
     </span>
     <span class='ocr_line' id='line_1_14' title="bbox 128 1679 1251 1765; baseline -0.006 -18"><span class='ocrx_word' id='word_1_99' title='bbox 128 1683 258 1748; x_wconf 89' lang='lat' dir='ltr'>criticae</span> <span class='ocrx_word' id='word_1_100' title='bbox 273 1680 459 1765; x_wconf 86' lang='lat' dir='ltr'>subsidium,</span> <span class='ocrx_word' id='word_1_101' title='bbox 482 1681 708 1765; x_wconf 89' lang='lat' dir='ltr'>interpolatum</span> <span class='ocrx_word' id='word_1_102' title='bbox 731 1699 803 1745; x_wconf 91' lang='lat' dir='ltr'>esse</span> <span class='ocrx_word' id='word_1_103' title='bbox 821 1679 977 1764; x_wconf 82' lang='lat' dir='ltr'>exemplis</span> <span class='ocrx_word' id='word_1_104' title='bbox 1000 1679 1107 1745; x_wconf 91' lang='lat' dir='ltr'>allatis</span> <span class='ocrx_word' id='word_1_105' title='bbox 1124 1679 1251 1743; x_wconf 90' lang='lat' dir='ltr'>demon-</span> 
     </span>
     <span class='ocr_line' id='line_1_15' title="bbox 129 1781 1251 1866; baseline -0.005 -17"><span class='ocrx_word' id='word_1_106' title='bbox 129 1783 251 1849; x_wconf 84' lang='lat' dir='ltr'>stravit.</span> <span class='ocrx_word' id='word_1_107' title='bbox 295 1783 441 1848; x_wconf 87' lang='lat' dir='ltr'>Eandem</span> <span class='ocrx_word' id='word_1_108' title='bbox 471 1783 783 1866; x_wconf 88' lang='lat' dir='ltr'>argumentationem</span> <span class='ocrx_word' id='word_1_109' title='bbox 810 1782 969 1865; x_wconf 89' lang='lat' dir='ltr'>persecuti</span> <span class='ocrx_word' id='word_1_110' title='bbox 993 1788 1067 1845; x_wconf 90' lang='lat' dir='ltr'>sunt</span> <span class='ocrx_word' id='word_1_111' title='bbox 1089 1781 1251 1865; x_wconf 89' lang='lat' dir='ltr'>Hauptius</span> 
     </span>
     <span class='ocr_line' id='line_1_16' title="bbox 129 1881 1250 1973; baseline -0.004 -23"><span class='ocrx_word' id='word_1_112' title='bbox 129 1885 176 1973; x_wconf 90' lang='lat' dir='ltr'>(in</span> <span class='ocrx_word' id='word_1_113' title='bbox 198 1885 292 1950; x_wconf 88' lang='lat' dir='ltr'>indic.</span> <span class='ocrx_word' id='word_1_114' title='bbox 306 1886 377 1951; x_wconf 91' lang='lat' dir='ltr'>lect.</span> <span class='ocrx_word' id='word_1_115' title='bbox 391 1884 453 1949; x_wconf 93' lang='lat' dir='ltr'>bib.</span> <span class='ocrx_word' id='word_1_116' title='bbox 472 1887 561 1968; x_wconf 89' lang='grc'>1854,</span> <span class='ocrx_word' id='word_1_117' title='bbox 587 1887 667 1948; x_wconf 86' lang='grc'>1856</span> <span class='ocrx_word' id='word_1_118' title='bbox 691 1904 790 1968; x_wconf 89' lang='lat' dir='ltr'>opusc</span> <span class='ocrx_word' id='word_1_119' title='bbox 806 1884 845 1948; x_wconf 91' lang='lat' dir='ltr'>II.</span> <span class='ocrx_word' id='word_1_120' title='bbox 861 1905 891 1967; x_wconf 91' lang='lat' dir='ltr'>p.</span> <span class='ocrx_word' id='word_1_121' title='bbox 908 1887 948 1946; x_wconf 83' lang='grc'>52</span> <span class='ocrx_word' id='word_1_122' title='bbox 964 1903 1029 1966; x_wconf 91' lang='lat' dir='ltr'>seq.</span> <span class='ocrx_word' id='word_1_123' title='bbox 1044 1904 1074 1966; x_wconf 91' lang='lat' dir='ltr'>p.</span> <span class='ocrx_word' id='word_1_124' title='bbox 1094 1887 1150 1946; x_wconf 83' lang='grc'>101</span> <span class='ocrx_word' id='word_1_125' title='bbox 1170 1881 1250 1968; x_wconf 85' lang='lat' dir='ltr'>seq.)</span> 
     </span>
     <span class='ocr_line' id='line_1_17' title="bbox 129 1984 1249 2071; baseline -0.003 -20"><span class='ocrx_word' id='word_1_126' title='bbox 129 1995 161 2052; x_wconf 92' lang='grc'>11</span> <span class='ocrx_word' id='word_1_127' title='bbox 175 1987 407 2052; x_wconf 86' lang='lat' dir='ltr'>Heimreichius</span> <span class='ocrx_word' id='word_1_128' title='bbox 423 1984 643 2071; x_wconf 86' lang='lat' dir='ltr'>(quaestiones</span> <span class='ocrx_word' id='word_1_129' title='bbox 664 1986 896 2070; x_wconf 87' lang='lat' dir='ltr'>Propertianae</span> <span class='ocrx_word' id='word_1_130' title='bbox 919 1987 1051 2051; x_wconf 90' lang='lat' dir='ltr'>Bonnae</span> <span class='ocrx_word' id='word_1_131' title='bbox 1075 1986 1171 2069; x_wconf 84' lang='grc'>1863)</span> <span class='ocrx_word' id='word_1_132' title='bbox 1195 1986 1249 2067; x_wconf 92' lang='lat' dir='ltr'>qui</span> 
     </span>
     <span class='ocr_line' id='line_1_18' title="bbox 129 2088 1252 2172; baseline -0.005 -18"><span class='ocrx_word' id='word_1_133' title='bbox 129 2109 200 2154; x_wconf 93' lang='lat' dir='ltr'>cum</span> <span class='ocrx_word' id='word_1_134' title='bbox 223 2090 371 2172; x_wconf 83' lang='lat' dir='ltr'>exempla</span> <span class='ocrx_word' id='word_1_135' title='bbox 393 2089 547 2154; x_wconf 91' lang='lat' dir='ltr'>nonnulla</span> <span class='ocrx_word' id='word_1_136' title='bbox 563 2108 647 2171; x_wconf 91' lang='lat' dir='ltr'>quae</span> <span class='ocrx_word' id='word_1_137' title='bbox 671 2109 690 2152; x_wconf 92' lang='lat' dir='ltr'>a</span> <span class='ocrx_word' id='word_1_138' title='bbox 706 2088 813 2154; x_wconf 90' lang='lat' dir='ltr'>Keilio</span> <span class='ocrx_word' id='word_1_139' title='bbox 830 2089 949 2152; x_wconf 89' lang='lat' dir='ltr'>omissa</span> <span class='ocrx_word' id='word_1_140' title='bbox 967 2094 1065 2172; x_wconf 89' lang='lat' dir='ltr'>erant,</span> <span class='ocrx_word' id='word_1_141' title='bbox 1088 2088 1252 2169; x_wconf 85' lang='lat' dir='ltr'>adderent,</span> 
     </span>
     <span class='ocr_line' id='line_1_19' title="bbox 129 2190 1249 2274; baseline -0.003 -19"><span class='ocrx_word' id='word_1_142' title='bbox 129 2191 350 2274; x_wconf 90' lang='lat' dir='ltr'>quaestionem</span> <span class='ocrx_word' id='word_1_143' title='bbox 371 2191 461 2256; x_wconf 90' lang='lat' dir='ltr'>illam</span> <span class='ocrx_word' id='word_1_144' title='bbox 485 2190 525 2255; x_wconf 92' lang='lat' dir='ltr'>de</span> <span class='ocrx_word' id='word_1_145' title='bbox 544 2190 746 2273; x_wconf 84' lang='lat' dir='ltr'>Groningani</span> <span class='ocrx_word' id='word_1_146' title='bbox 767 2191 1067 2274; x_wconf 86' lang='lat' dir='ltr'>interpolationibus</span> <span class='ocrx_word' id='word_1_147' title='bbox 1090 2190 1133 2254; x_wconf 92' lang='lat' dir='ltr'>ad</span> <span class='ocrx_word' id='word_1_148' title='bbox 1155 2191 1249 2254; x_wconf 88' lang='lat' dir='ltr'>finem</span> 
     </span>
     <span class='ocr_line' id='line_1_20' title="bbox 129 2292 1251 2377; baseline -0.004 -18"><span class='ocrx_word' id='word_1_149' title='bbox 129 2293 352 2377; x_wconf 84' lang='lat' dir='ltr'>perduxerunt.</span> <span class='ocrx_word' id='word_1_150' title='bbox 396 2292 471 2357; x_wconf 89' lang='lat' dir='ltr'>Jam</span> <span class='ocrx_word' id='word_1_151' title='bbox 494 2312 569 2358; x_wconf 89' lang='lat' dir='ltr'>vero</span> <span class='ocrx_word' id='word_1_152' title='bbox 592 2293 647 2356; x_wconf 86' lang='lat' dir='ltr'>vix</span> <span class='ocrx_word' id='word_1_153' title='bbox 677 2300 726 2358; x_wconf 91' lang='lat' dir='ltr'>est</span> <span class='ocrx_word' id='word_1_154' title='bbox 755 2293 900 2375; x_wconf 91' lang='lat' dir='ltr'>dubium,</span> <span class='ocrx_word' id='word_1_155' title='bbox 930 2293 1006 2374; x_wconf 91' lang='lat' dir='ltr'>quin</span> <span class='ocrx_word' id='word_1_156' title='bbox 1028 2298 1155 2377; x_wconf 90' lang='lat' dir='ltr'>praeter</span> <span class='ocrx_word' id='word_1_157' title='bbox 1177 2292 1251 2356; x_wconf 88' lang='lat' dir='ltr'>illas</span> 
     </span>
     <span class='ocr_line' id='line_1_21' title="bbox 127 2394 1250 2479; baseline -0.002 -21"><span class='ocrx_word' id='word_1_158' title='bbox 127 2395 391 2479; x_wconf 89' lang='lat' dir='ltr'>interpolationes</span> <span class='ocrx_word' id='word_1_159' title='bbox 406 2413 489 2477; x_wconf 92' lang='lat' dir='ltr'>quae</span> <span class='ocrx_word' id='word_1_160' title='bbox 512 2395 544 2458; x_wconf 93' lang='lat' dir='ltr'>in</span> <span class='ocrx_word' id='word_1_161' title='bbox 568 2394 677 2459; x_wconf 91' lang='lat' dir='ltr'>codice</span> <span class='ocrx_word' id='word_1_162' title='bbox 694 2394 902 2476; x_wconf 85' lang='lat' dir='ltr'>Groningano</span> <span class='ocrx_word' id='word_1_163' title='bbox 925 2396 1129 2459; x_wconf 89' lang='lat' dir='ltr'>inveniuntur</span> <span class='ocrx_word' id='word_1_164' title='bbox 1152 2395 1250 2458; x_wconf 89' lang='lat' dir='ltr'>ctiam</span> 
     </span>
     <span class='ocr_line' id='line_1_22' title="bbox 129 2496 1251 2582; baseline -0.003 -21"><span class='ocrx_word' id='word_1_165' title='bbox 129 2497 219 2561; x_wconf 91' lang='lat' dir='ltr'>multi</span> <span class='ocrx_word' id='word_1_166' title='bbox 256 2516 367 2563; x_wconf 83' lang='lat' dir='ltr'>versus</span> <span class='ocrx_word' id='word_1_167' title='bbox 399 2496 498 2582; x_wconf 90' lang='lat' dir='ltr'>spurii</span> <span class='ocrx_word' id='word_1_168' title='bbox 533 2496 765 2579; x_wconf 90' lang='lat' dir='ltr'>antiquissimis</span> <span class='ocrx_word' id='word_1_169' title='bbox 796 2496 990 2581; x_wconf 83' lang='lat' dir='ltr'>temporibus</span> <span class='ocrx_word' id='word_1_170' title='bbox 1029 2498 1063 2561; x_wconf 92' lang='lat' dir='ltr'>in</span> <span class='ocrx_word' id='word_1_171' title='bbox 1092 2497 1251 2581; x_wconf 89' lang='lat' dir='ltr'>Propertii</span> 
     </span>
     <span class='ocr_line' id='line_1_23' title="bbox 130 2597 1251 2682; baseline -0.002 -18"><span class='ocrx_word' id='word_1_172' title='bbox 130 2599 272 2664; x_wconf 89' lang='lat' dir='ltr'>earmina</span> <span class='ocrx_word' id='word_1_173' title='bbox 293 2599 376 2665; x_wconf 89' lang='lat' dir='ltr'>illati</span> <span class='ocrx_word' id='word_1_174' title='bbox 399 2599 471 2664; x_wconf 90' lang='lat' dir='ltr'>sint.</span> <span class='ocrx_word' id='word_1_175' title='bbox 514 2599 600 2664; x_wconf 88' lang='lat' dir='ltr'>Nam</span> <span class='ocrx_word' id='word_1_176' title='bbox 623 2618 694 2663; x_wconf 93' lang='lat' dir='ltr'>cum</span> <span class='ocrx_word' id='word_1_177' title='bbox 724 2618 834 2663; x_wconf 91' lang='lat' dir='ltr'>omnes</span> <span class='ocrx_word' id='word_1_178' title='bbox 856 2597 922 2663; x_wconf 80' lang='lat' dir='ltr'>lere</span> <span class='ocrx_word' id='word_1_179' title='bbox 945 2604 1059 2682; x_wconf 88' lang='lat' dir='ltr'>poetas</span> <span class='ocrx_word' id='word_1_180' title='bbox 1081 2600 1251 2682; x_wconf 88' lang='lat' dir='ltr'>Romanos,</span> 
     </span>
     <span class='ocr_line' id='line_1_24' title="bbox 129 2699 1249 2785; baseline -0.002 -21"><span class='ocrx_word' id='word_1_181' title='bbox 129 2701 285 2785; x_wconf 86' lang='lat' dir='ltr'>imprimis</span> <span class='ocrx_word' id='word_1_182' title='bbox 300 2719 421 2766; x_wconf 85' lang='lat' dir='ltr'>aureae</span> <span class='ocrx_word' id='word_1_183' title='bbox 437 2701 554 2767; x_wconf 89' lang='lat' dir='ltr'>aetatis</span> <span class='ocrx_word' id='word_1_184' title='bbox 569 2709 683 2785; x_wconf 89' lang='lat' dir='ltr'>poetas</span> <span class='ocrx_word' id='word_1_185' title='bbox 704 2701 738 2764; x_wconf 94' lang='lat' dir='ltr'>in</span> <span class='ocrx_word' id='word_1_186' title='bbox 755 2700 871 2766; x_wconf 90' lang='lat' dir='ltr'>scholis</span> <span class='ocrx_word' id='word_1_187' title='bbox 886 2699 1046 2765; x_wconf 91' lang='lat' dir='ltr'>rhetorum</span> <span class='ocrx_word' id='word_1_188' title='bbox 1069 2721 1132 2765; x_wconf 92' lang='lat' dir='ltr'>non</span> <span class='ocrx_word' id='word_1_189' title='bbox 1149 2701 1249 2764; x_wconf 90' lang='lat' dir='ltr'>solum</span> 
     </span>
     <span class='ocr_line' id='line_1_25' title="bbox 129 2802 1250 2887; baseline -0.002 -21"><span class='ocrx_word' id='word_1_190' title='bbox 129 2802 299 2887; x_wconf 82' lang='lat' dir='ltr'>diligenter</span> <span class='ocrx_word' id='word_1_191' title='bbox 325 2808 480 2867; x_wconf 89' lang='lat' dir='ltr'>tractatos</span> <span class='ocrx_word' id='word_1_192' title='bbox 508 2803 566 2868; x_wconf 91' lang='lat' dir='ltr'>sed</span> <span class='ocrx_word' id='word_1_193' title='bbox 596 2803 697 2869; x_wconf 91' lang='lat' dir='ltr'>etiam</span> <span class='ocrx_word' id='word_1_194' title='bbox 727 2822 825 2886; x_wconf 84' lang='lat' dir='ltr'>saepe</span> <span class='ocrx_word' id='word_1_195' title='bbox 852 2803 1062 2887; x_wconf 89' lang='lat' dir='ltr'>interpolatos</span> <span class='ocrx_word' id='word_1_196' title='bbox 1090 2822 1160 2868; x_wconf 90' lang='lat' dir='ltr'>esse</span> <span class='ocrx_word' id='word_1_197' title='bbox 1182 2802 1250 2866; x_wconf 80' lang='lat' dir='ltr'>reri</span> 
     </span>
     <span class='ocr_line' id='line_1_26' title="bbox 129 2903 1250 2989; baseline -0.003 -20"><span class='ocrx_word' id='word_1_198' title='bbox 129 2905 170 2969; x_wconf 90' lang='lat' dir='ltr'>sit</span> <span class='ocrx_word' id='word_1_199' title='bbox 185 2904 297 2987; x_wconf 90' lang='lat' dir='ltr'>simile,</span> <span class='ocrx_word' id='word_1_200' title='bbox 319 2904 434 2968; x_wconf 88' lang='lat' dir='ltr'>mimm</span> <span class='ocrx_word' id='word_1_201' title='bbox 457 2925 536 2970; x_wconf 89' lang='lat' dir='ltr'>sane</span> <span class='ocrx_word' id='word_1_202' title='bbox 559 2911 651 2986; x_wconf 87' lang='lat' dir='ltr'>esset,</span> <span class='ocrx_word' id='word_1_203' title='bbox 674 2905 701 2969; x_wconf 86' lang='lat' dir='ltr'>si</span> <span class='ocrx_word' id='word_1_204' title='bbox 724 2925 745 2970; x_wconf 88' lang='lat' dir='ltr'>a</span> <span class='ocrx_word' id='word_1_205' title='bbox 764 2906 929 2989; x_wconf 89' lang='lat' dir='ltr'>Propertio</span> <span class='ocrx_word' id='word_1_206' title='bbox 952 2905 1020 2969; x_wconf 89' lang='lat' dir='ltr'>solo</span> <span class='ocrx_word' id='word_1_207' title='bbox 1043 2925 1173 2969; x_wconf 90' lang='lat' dir='ltr'>manum</span> <span class='ocrx_word' id='word_1_208' title='bbox 1197 2903 1250 2967; x_wconf 90' lang='lat' dir='ltr'>ab·</span> 
     </span>
     <span class='ocr_line' id='line_1_27' title="bbox 130 3006 1250 3091; baseline -0.003 -20"><span class='ocrx_word' id='word_1_209' title='bbox 130 3006 330 3090; x_wconf 89' lang='lat' dir='ltr'>stinuissent,</span> <span class='ocrx_word' id='word_1_210' title='bbox 358 3007 548 3091; x_wconf 90' lang='lat' dir='ltr'>praesertim</span> <span class='ocrx_word' id='word_1_211' title='bbox 579 3027 650 3071; x_wconf 90' lang='lat' dir='ltr'>cum</span> <span class='ocrx_word' id='word_1_212' title='bbox 680 3007 823 3072; x_wconf 89' lang='lat' dir='ltr'>earmina</span> <span class='ocrx_word' id='word_1_213' title='bbox 853 3008 922 3089; x_wconf 87' lang='lat' dir='ltr'>ejus</span> <span class='ocrx_word' id='word_1_214' title='bbox 944 3013 977 3072; x_wconf 91' lang='lat' dir='ltr'>et</span> <span class='ocrx_word' id='word_1_215' title='bbox 1006 3012 1136 3091; x_wconf 91' lang='lat' dir='ltr'>propter</span> <span class='ocrx_word' id='word_1_216' title='bbox 1159 3026 1250 3069; x_wconf 90' lang='lat' dir='ltr'>orna-</span> 
     </span>
     <span class='ocr_line' id='line_1_28' title="bbox 131 3108 1250 3194; baseline -0.001 -22"><span class='ocrx_word' id='word_1_217' title='bbox 131 3115 271 3175; x_wconf 90' lang='lat' dir='ltr'>mentum</span> <span class='ocrx_word' id='word_1_218' title='bbox 287 3109 475 3173; x_wconf 89' lang='lat' dir='ltr'>rbetoricum</span> <span class='ocrx_word' id='word_1_219' title='bbox 492 3116 523 3175; x_wconf 91' lang='grc'>11</span> <span class='ocrx_word' id='word_1_220' title='bbox 538 3116 668 3194; x_wconf 89' lang='lat' dir='ltr'>propter</span> <span class='ocrx_word' id='word_1_221' title='bbox 683 3109 862 3175; x_wconf 83' lang='lat' dir='ltr'>doctrinam</span> <span class='ocrx_word' id='word_1_222' title='bbox 878 3108 1135 3194; x_wconf 87' lang='lat' dir='ltr'>mythologicam,</span> <span class='ocrx_word' id='word_1_223' title='bbox 1154 3129 1250 3190; x_wconf 91' lang='lat' dir='ltr'>quarn</span> 
     </span>
     <span class='ocr_line' id='line_1_29' title="bbox 131 3196 1248 3294; baseline -0.001 -20"><span class='ocrx_word' id='word_1_224' title='bbox 131 3211 333 3276; x_wconf 89' lang='lat' dir='ltr'>doctissimus</span> <span class='ocrx_word' id='word_1_225' title='bbox 348 3210 403 3276; x_wconf 93' lang='lat' dir='ltr'>ille</span> <span class='ocrx_word' id='word_1_226' title='bbox 425 3217 521 3294; x_wconf 88' lang='lat' dir='ltr'>poeta</span> <span class='ocrx_word' id='word_1_227' title='bbox 544 3231 631 3277; x_wconf 90' lang='lat' dir='ltr'>more</span> <span class='ocrx_word' id='word_1_228' title='bbox 650 3212 939 3276; x_wconf 81' lang='lat' dir='ltr'>Alexandrinorum</span> <span class='ocrx_word' id='word_1_229' title='bbox 958 3211 1116 3293; x_wconf 88' lang='lat' dir='ltr'>jactabat,</span> <span class='ocrx_word' id='word_1_230' title='bbox 1137 3196 1248 3274; x_wconf 75' lang='lat' dir='ltr'>facilli-</span> 
     </span>
     <span class='ocr_line' id='line_1_30' title="bbox 130 3311 1249 3397; baseline -0.002 -21"><span class='ocrx_word' id='word_1_231' title='bbox 130 3333 215 3378; x_wconf 88' lang='lat' dir='ltr'>mam</span> <span class='ocrx_word' id='word_1_232' title='bbox 237 3313 277 3377; x_wconf 92' lang='lat' dir='ltr'>iis</span> <span class='ocrx_word' id='word_1_233' title='bbox 299 3313 515 3397; x_wconf 89' lang='lat' dir='ltr'>interpolandi</span> <span class='ocrx_word' id='word_1_234' title='bbox 545 3313 743 3378; x_wconf 91' lang='lat' dir='ltr'>occasionem</span> <span class='ocrx_word' id='word_1_235' title='bbox 766 3315 923 3378; x_wconf 88' lang='lat' dir='ltr'>offerrent.</span> <span class='ocrx_word' id='word_1_236' title='bbox 967 3311 1038 3390; x_wconf 79' lang='lat' dir='ltr'>Qua</span> <span class='ocrx_word' id='word_1_237' title='bbox 1060 3312 1100 3377; x_wconf 93' lang='lat' dir='ltr'>de</span> <span class='ocrx_word' id='word_1_238' title='bbox 1122 3331 1156 3378; x_wconf 92' lang='lat' dir='ltr'>re</span> <span class='ocrx_word' id='word_1_239' title='bbox 1178 3331 1249 3375; x_wconf 91' lang='lat' dir='ltr'>cum</span> 
     </span>
     <span class='ocr_line' id='line_1_31' title="bbox 130 3413 1251 3498; baseline -0.001 -20"><span class='ocrx_word' id='word_1_240' title='bbox 130 3415 230 3479; x_wconf 90' lang='lat' dir='ltr'>multa</span> <span class='ocrx_word' id='word_1_241' title='bbox 253 3435 273 3480; x_wconf 93' lang='lat' dir='ltr'>a</span> <span class='ocrx_word' id='word_1_242' title='bbox 295 3415 372 3479; x_wconf 89' lang='lat' dir='ltr'>viris</span> <span class='ocrx_word' id='word_1_243' title='bbox 403 3413 505 3478; x_wconf 90' lang='lat' dir='ltr'>doctis</span> <span class='ocrx_word' id='word_1_244' title='bbox 533 3415 567 3479; x_wconf 91' lang='lat' dir='ltr'>in</span> <span class='ocrx_word' id='word_1_245' title='bbox 599 3415 919 3480; x_wconf 91' lang='lat' dir='ltr'>commentationibus</span> <span class='ocrx_word' id='word_1_246' title='bbox 950 3414 990 3480; x_wconf 93' lang='lat' dir='ltr'>de</span> <span class='ocrx_word' id='word_1_247' title='bbox 1021 3414 1153 3498; x_wconf 87' lang='lat' dir='ltr'>singulis</span> <span class='ocrx_word' id='word_1_248' title='bbox 1176 3414 1251 3477; x_wconf 89' lang='lat' dir='ltr'>Pro-</span> 
     </span>
     <span class='ocr_line' id='line_1_32' title="bbox 128 3516 1250 3601; baseline -0.002 -19"><span class='ocrx_word' id='word_1_249' title='bbox 128 3517 226 3601; x_wconf 91' lang='lat' dir='ltr'>pertii</span> <span class='ocrx_word' id='word_1_250' title='bbox 247 3516 358 3598; x_wconf 87' lang='lat' dir='ltr'>elegiis</span> <span class='ocrx_word' id='word_1_251' title='bbox 381 3516 501 3600; x_wconf 90' lang='lat' dir='ltr'>scripta</span> <span class='ocrx_word' id='word_1_252' title='bbox 524 3522 644 3598; x_wconf 80' lang='lat' dir='ltr'>extent,</span> <span class='ocrx_word' id='word_1_253' title='bbox 667 3537 784 3601; x_wconf 91' lang='lat' dir='ltr'>operae</span> <span class='ocrx_word' id='word_1_254' title='bbox 806 3517 941 3600; x_wconf 93' lang='lat' dir='ltr'>pretium</span> <span class='ocrx_word' id='word_1_255' title='bbox 964 3522 1029 3599; x_wconf 86' lang='lat' dir='ltr'>est,</span> <span class='ocrx_word' id='word_1_256' title='bbox 1050 3516 1133 3580; x_wconf 88' lang='lat' dir='ltr'>banc</span> <span class='ocrx_word' id='word_1_257' title='bbox 1155 3535 1250 3598; x_wconf 90' lang='lat' dir='ltr'>quae-</span> 
     </span>
     <span class='ocr_line' id='line_1_33' title="bbox 129 3618 1250 3702; baseline 0 -21"><span class='ocrx_word' id='word_1_258' title='bbox 129 3619 263 3683; x_wconf 89' lang='lat' dir='ltr'>stionem</span> <span class='ocrx_word' id='word_1_259' title='bbox 294 3618 475 3683; x_wconf 90' lang='lat' dir='ltr'>accuratius</span> <span class='ocrx_word' id='word_1_260' title='bbox 507 3625 654 3684; x_wconf 83' lang='lat' dir='ltr'>excutere</span> <span class='ocrx_word' id='word_1_261' title='bbox 685 3628 716 3685; x_wconf 93' lang='grc'>11</span> <span class='ocrx_word' id='word_1_262' title='bbox 747 3619 824 3702; x_wconf 93' lang='lat' dir='ltr'>quid</span> <span class='ocrx_word' id='word_1_263' title='bbox 850 3619 1017 3702; x_wconf 89' lang='lat' dir='ltr'>Propertio</span> <span class='ocrx_word' id='word_1_264' title='bbox 1040 3618 1250 3699; x_wconf 88' lang='lat' dir='ltr'>tribuendum,</span> 
     </span>
     <span class='ocr_line' id='line_1_34' title="bbox 129 3719 1248 3805; baseline 0 -22"><span class='ocrx_word' id='word_1_265' title='bbox 129 3720 206 3802; x_wconf 94' lang='lat' dir='ltr'>quid</span> <span class='ocrx_word' id='word_1_266' title='bbox 229 3720 269 3784; x_wconf 91' lang='lat' dir='ltr'>ab</span> <span class='ocrx_word' id='word_1_267' title='bbox 292 3738 330 3784; x_wconf 92' lang='lat' dir='ltr'>eo</span> <span class='ocrx_word' id='word_1_268' title='bbox 353 3719 603 3802; x_wconf 86' lang='lat' dir='ltr'>abjudicandum</span> <span class='ocrx_word' id='word_1_269' title='bbox 626 3721 681 3805; x_wconf 87' lang='lat' dir='ltr'>sit,</span> <span class='ocrx_word' id='word_1_270' title='bbox 711 3721 907 3804; x_wconf 83' lang='lat' dir='ltr'>argumentis</span> <span class='ocrx_word' id='word_1_271' title='bbox 930 3719 1123 3784; x_wconf 89' lang='lat' dir='ltr'>confirmare.</span> <span class='ocrx_word' id='word_1_272' title='bbox 1168 3719 1248 3784; x_wconf 83' lang='lat' dir='ltr'>Oum</span> 
     </span>
     <span class='ocr_line' id='line_1_35' title="bbox 128 3822 1250 3906; baseline 0 -21"><span class='ocrx_word' id='word_1_273' title='bbox 128 3827 235 3891; x_wconf 89' lang='lat' dir='ltr'>tamen</span> <span class='ocrx_word' id='word_1_274' title='bbox 264 3822 332 3887; x_wconf 91' lang='lat' dir='ltr'>fieri</span> <span class='ocrx_word' id='word_1_275' title='bbox 361 3828 517 3904; x_wconf 87' lang='lat' dir='ltr'>nequeat,</span> <span class='ocrx_word' id='word_1_276' title='bbox 546 3829 580 3887; x_wconf 90' lang='lat' dir='ltr'>ut</span> <span class='ocrx_word' id='word_1_277' title='bbox 610 3842 719 3888; x_wconf 90' lang='lat' dir='ltr'>omnes</span> <span class='ocrx_word' id='word_1_278' title='bbox 741 3822 901 3906; x_wconf 89' lang='lat' dir='ltr'>Propertii</span> <span class='ocrx_word' id='word_1_279' title='bbox 929 3822 1027 3887; x_wconf 90' lang='lat' dir='ltr'>libros</span> <span class='ocrx_word' id='word_1_280' title='bbox 1049 3828 1115 3886; x_wconf 91' lang='lat' dir='ltr'>tam</span> <span class='ocrx_word' id='word_1_281' title='bbox 1137 3822 1250 3905; x_wconf 90' lang='lat' dir='ltr'>paucis</span> 
     </span>
     <span class='ocr_line' id='line_1_36' title="bbox 127 3923 1250 4009; baseline 0 -23"><span class='ocrx_word' id='word_1_282' title='bbox 127 3923 256 4007; x_wconf 84' lang='lat' dir='ltr'>paginis</span> <span class='ocrx_word' id='word_1_283' title='bbox 279 3923 501 4007; x_wconf 74' lang='lat' dir='ltr'>absolvamus,</span> <span class='ocrx_word' id='word_1_284' title='bbox 531 3924 688 4009; x_wconf 91' lang='lat' dir='ltr'>imprimis</span> <span class='ocrx_word' id='word_1_285' title='bbox 717 3925 803 3990; x_wconf 91' lang='lat' dir='ltr'>tertii</span> <span class='ocrx_word' id='word_1_286' title='bbox 833 3925 1001 4007; x_wconf 91' lang='lat' dir='ltr'>quartique</span> <span class='ocrx_word' id='word_1_287' title='bbox 1023 3924 1097 3989; x_wconf 93' lang='lat' dir='ltr'>libri</span> <span class='ocrx_word' id='word_1_288' title='bbox 1120 3925 1250 4008; x_wconf 90' lang='lat' dir='ltr'>(sequor</span> 
     </span>
     <span class='ocr_line' id='line_1_37' title="bbox 127 4025 1249 4112; baseline 0.001 -25"><span class='ocrx_word' id='word_1_289' title='bbox 127 4045 276 4090; x_wconf 90' lang='lat' dir='ltr'>numeros</span> <span class='ocrx_word' id='word_1_290' title='bbox 305 4025 458 4091; x_wconf 89' lang='lat' dir='ltr'>editionis</span> <span class='ocrx_word' id='word_1_291' title='bbox 480 4026 711 4092; x_wconf 89' lang='lat' dir='ltr'>Muellerianae</span> <span class='ocrx_word' id='word_1_292' title='bbox 734 4026 864 4111; x_wconf 88' lang='lat' dir='ltr'>Lipsiae</span> <span class='ocrx_word' id='word_1_293' title='bbox 889 4026 985 4112; x_wconf 84' lang='grc'>1870)</span> <span class='ocrx_word' id='word_1_294' title='bbox 1008 4026 1156 4109; x_wconf 86' lang='lat' dir='ltr'>exempla</span> <span class='ocrx_word' id='word_1_295' title='bbox 1179 4045 1249 4109; x_wconf 91' lang='lat' dir='ltr'>pro-</span> 
     </span>
     <span class='ocr_line' id='line_1_38' title="bbox 127 4126 1249 4212; baseline 0.002 -23"><span class='ocrx_word' id='word_1_296' title='bbox 127 4126 274 4192; x_wconf 89' lang='lat' dir='ltr'>feremus.</span> <span class='ocrx_word' id='word_1_297' title='bbox 296 4128 368 4192; x_wconf 74' lang='lat' dir='ltr'>db</span> <span class='ocrx_word' id='word_1_298' title='bbox 398 4127 439 4192; x_wconf 90' lang='lat' dir='ltr'>iis</span> <span class='ocrx_word' id='word_1_299' title='bbox 468 4133 576 4193; x_wconf 89' lang='lat' dir='ltr'>autem</span> <span class='ocrx_word' id='word_1_300' title='bbox 606 4128 753 4194; x_wconf 86' lang='lat' dir='ltr'>versibus·</span> <span class='ocrx_word' id='word_1_301' title='bbox 780 4128 864 4193; x_wconf 89' lang='lat' dir='ltr'>hane</span> <span class='ocrx_word' id='word_1_302' title='bbox 894 4127 1144 4212; x_wconf 90' lang='lat' dir='ltr'>disputationem</span> <span class='ocrx_word' id='word_1_303' title='bbox 1173 4128 1249 4191; x_wconf 92' lang='lat' dir='ltr'>inei-</span> 
     </span>
     <span class='ocr_line' id='line_1_39' title="bbox 118 4228 1249 4312; baseline 0.001 -21"><span class='ocrx_word' id='word_1_304' title='bbox 118 4228 277 4308; x_wconf 74' lang='lat' dir='ltr'>,niendam</span> <span class='ocrx_word' id='word_1_305' title='bbox 302 4249 373 4294; x_wconf 91' lang='lat' dir='ltr'>esse</span> <span class='ocrx_word' id='word_1_306' title='bbox 396 4229 540 4311; x_wconf 82' lang='lat' dir='ltr'>arbitror,</span> <span class='ocrx_word' id='word_1_307' title='bbox 564 4249 644 4312; x_wconf 91' lang='lat' dir='ltr'>quos</span> <span class='ocrx_word' id='word_1_308' title='bbox 662 4229 889 4295; x_wconf 90' lang='lat' dir='ltr'>Lachmannus</span> <span class='ocrx_word' id='word_1_309' title='bbox 909 4230 943 4293; x_wconf 93' lang='lat' dir='ltr'>in</span> <span class='ocrx_word' id='word_1_310' title='bbox 966 4230 1105 4295; x_wconf 92' lang='lat' dir='ltr'>editione</span> <span class='ocrx_word' id='word_1_311' title='bbox 1126 4229 1249 4311; x_wconf 86' lang='lat' dir='ltr'>majore</span> 
     </span>
    </p>
   </div>
   <div class='ocr_carea' id='block_1_6' title="bbox 0 0 1384 4680">
    <p class='ocr_par' dir='ltr' id='par_1_6' title="bbox 0 0 1384 4680">
     <span class='ocr_line' id='line_1_40' title="bbox 0 0 1384 4680; baseline 0 0"><span class='ocrx_word' id='word_1_312' title='bbox 0 0 1384 4680; x_wconf 95' lang='lat' dir='ltr'> </span> 
     </span>
    </p>
   </div>
  </div>
 </body>
</html>
