2760 4680
127 232 167 303 tl

79 480 82 487 ,
126 410 206 474 loeis
227 402 422 492 praepositio
448 398 570 490 ,apud“
603 427 667 470 non
697 404 883 489 collocatur,
913 396 967 471 ubi
997 395 1145 490 volgaris
1175 416 1255 471 usus

127 530 198 576 earn
221 509 388 594 postulat?
892 589 896 594 ,

183 614 277 697 Prop.
291 611 344 695 IV,
360 615 388 695 7,
406 617 431 677 1.
454 612 564 676 Dulcis
576 619 619 676 ud
628 610 797 676 hesternas
808 611 914 676 fuerat
925 609 1003 675 mihi
1014 610 1086 677 rixa
1097 612 1255 690 lucernas

126 715 431 798 'lib.1‚lo,37-38.
454 714 523 779 Illic
545 714 776 800 permissisque
798 714 889 796 genis
912 717 1048 795 ustoque
1072 713 1194 796 capillo

503 823 589 881 errat
611 825 654 882 ud
674 815 806 880 obsuros
829 815 954 899 pallida
974 815 1070 880 turba
1092 817 1195 881 lacus

211 919 294 981 Tum
317 937 379 981 non
402 917 507 981 minus
530 917 742 1000 suspiciosum
765 922 830 998 est,
852 915 938 998 quod
959 916 992 981 in
1015 916 1131 983 eodem
1155 938 1255 983 versu

125 1019 276 1104 „inferni“
296 1019 490 1084 substantivi
512 1020 582 1084 loeo
604 1019 745 1102 positum
767 1024 823 1083 est.
860 1017 966 1083 Unum
989 1018 1119 1101 quidem
1144 1039 1254 1086 exem-

126 1125 212 1207 plum
235 1127 364 1206 praeter
384 1121 466 1187 illud
487 1122 575 1206 apud
591 1120 790 1204 Propertium
807 1126 920 1205 exstat,
944 1120 1001 1186 sed
1023 1122 1112 1186 loeus
1129 1122 1254 1188 dubiae

125 1224 200 1289 fidei
222 1230 326 1290 estet
349 1245 369 1289 a
392 1225 469 1290 viris
493 1226 594 1290 doctis
615 1224 690 1288 inde
713 1243 733 1287 a
755 1223 879 1288 Mureto
900 1223 1000 1288 variis
1023 1223 1129 1289 modis
1153 1245 1253 1290 vexa-

126 1334 192 1391 tus:
213 1328 255 1409 II,
280 1331 306 1409 l,
329 1329 378 1392 37.

228 1427 372 1494 Theseus
394 1428 526 1494 infernis
548 1429 673 1512 superis
696 1435 832 1494 testatur
854 1428 996 1494 Achilles

278 1529 329 1596 hic
351 1530 519 1596 Ixioniden
541 1530 597 1595 ille
620 1530 853 1597 Menoetiaden.

211 1633 263 1698 Illi
285 1635 368 1698 enim
392 1653 503 1698 versus
525 1633 571 1697 ita
586 1653 740 1698 conexum
757 1633 989 1699 sententiarum
1004 1633 1253 1716 interrumpunt,

127 1743 161 1799 ut
183 1736 228 1800 sic
251 1755 271 1799 a
293 1743 390 1819 poeta
417 1735 576 1817 siquidem
607 1736 648 1800 ab
679 1756 717 1801 eo
748 1736 857 1821 scripti
885 1742 973 1819 suut,
1003 1735 1157 1800 collocari
1188 1755 1253 1798 non

126 1839 294 1922 potuerint
352 1837 485 1902 Frustra
521 1857 576 1903 eos
611 1837 838 1902 Lachmannus
875 1856 1005 1903 servare
1043 1836 1153 1902 studet
1191 1837 1252 1901 hac

127 1940 351 2006 emendatione
374 1939 518 2005 adhibita
541 1939 603 2024 (ed.
622 1941 701 2004 1816
725 1961 755 2024 p.
771 1939 842 2023 98);

229 2042 374 2107 Theseus
396 2042 529 2106 infernis
552 2043 676 2126 superis
699 2063 757 2108 eeu
779 2043 865 2106 fatur
886 2041 1027 2108 Achilles

279 2143 330 2208 hie
351 2143 519 2208 Ixioniden
542 2144 596 2208 ille
619 2145 854 2210 Menoetiaden.

211 2246 276 2312 Sed
297 2252 381 2312 recte
398 2245 471 2328 jam
487 2246 690 2311 Burmannus
713 2247 755 2332 (p.
771 2244 847 2332 208)
870 2252 981 2311 eontra
996 2246 1196 2312 Beroaldum
1219 2254 1251 2312 et

127 2350 278 2435 Vulpium
301 2349 451 2432 adnotat,
481 2356 536 2413 aut
566 2349 743 2414 desiderari
771 2349 923 2413 nonnulla
953 2355 1008 2412 aut
1038 2349 1112 2413 illos
1138 2369 1253 2415 versus

127 2451 258 2516 aliunde
288 2470 359 2515 esse
388 2451 535 2515 intrusos.
588 2452 694 2534 Atque
723 2451 856 2516 alteram
887 2450 1080 2515 sententiam
1105 2452 1253 2534 sequitur

127 2553 253 2618 Keilius
276 2551 319 2638 (p.
335 2550 389 2637 46)
412 2552 466 2634 qui
495 2553 650 2618 nonnulla
681 2552 840 2618 excidisse
869 2552 1053 2618 arbitratur.
1097 2555 1252 2619 Attamen

126 2654 207 2718 nihil
228 2655 261 2717 in
283 2673 405 2718 conexu
427 2655 659 2719 sententiarum
682 2654 883 2722 desideratur
905 2655 932 2719 si
956 2655 1196 2720 continuamus:

149 2760 198 2820 35.
229 2759 276 2821 Te
299 2775 372 2821 mea
394 2756 487 2820 Musa
510 2756 574 2821 illis
598 2777 724 2841 semper
746 2763 929 2822 contexeret
952 2757 1050 2821 armis

280 2864 312 2924 et
334 2864 461 2943 sumpta
483 2865 514 2923 et
536 2858 642 2944 posita
665 2879 746 2942 paee
768 2859 861 2924 fidele
884 2866 989 2944 caput.
1120 2942 1123 2947 Ι

150 2962 199 3024 39.
230 2959 295 3025 Sed
316 2980 421 3042 neque
442 2960 637 3043 Phlegraeos
659 2961 751 3026 Jovis
773 2961 992 3044 Enceladique
1014 2961 1171 3027 tumultus

279 3063 401 3127 intonet
424 3070 559 3146 augusto
582 3068 711 3147 pectore
736 3063 960 3147 Callimachus,

229 3165 296 3231 Nee
318 3184 391 3229 mea
414 3166 608 3230 conveniunt
632 3166 709 3230 duro
733 3165 926 3250 praecordia
948 3186 1043 3231 versu

282 3266 432 3331 Caesaris
454 3267 487 3330 in
509 3266 666 3351 Phrygios
689 3268 824 3333 condere
846 3287 962 3333 nomen
984 3287 1073 3332 avos.

78 3444 81 3449 Ι
213 3366 319 3446 Quare
348 3369 495 3450 equidem
526 3368 598 3433 illos
627 3369 803 3452 ejiciendos
831 3389 902 3435 esse
934 3369 1082 3435 existimo
1113 3388 1252 3453 cumque

127 3469 206 3535 nibil
229 3471 292 3535 sint
307 3471 370 3534 nisi
386 3471 592 3554 amplificatio
608 3472 777 3537 verborum
793 3494 821 3536 r.
838 3475 878 3536 36
900 3472 1011 3555 „fidele
1031 3472 1147 3556 eaput‘
1169 3472 1252 3537 veri·

128 3573 232 3637 simile
266 3572 393 3638 videtur
423 3573 464 3637 ab
495 3574 725 3658 interpolatore
755 3594 809 3639 eos
840 3593 953 3638 versus
984 3573 1074 3638 fictos
1105 3592 1178 3638 esse
1209 3573 1252 3637 ad

127 3673 209 3738 haee
231 3674 330 3739 verba
353 3674 508 3759 exemplis
530 3675 730 3740 illustranda.

213 3776 287 3840 Jam
309 3776 343 3839 id
366 3783 501 3861 apparet
524 3776 584 3841 hoe
606 3778 674 3841 solo
697 3777 844 3860 exemplo
875 3777 926 3841 cui
949 3784 1069 3859 quanta
1091 3775 1173 3842 fides
1196 3777 1251 3841 tri-

127 3877 257 3941 buenda
287 3878 328 3941 sit
358 3879 451 3943 modo
482 3880 704 3962 exposuimus,
733 3879 823 3942 illum
851 3879 1043 3943 substantivi
1071 3897 1164 3943 usum
1186 3898 1252 3943 uon

128 3978 257 4062 firmari,
279 3981 467 4063 praesertim
491 4001 561 4045 cum
584 4000 685 4062 neque
700 3980 846 4045 Tibullus
868 4001 971 4064 neque
987 3981 1122 4047 Ovidius
1145 3999 1252 4062 neque

128 4081 281 4145 Horatius
311 4101 506 4164 quamquam
536 4102 693 4166 persaepe
715 4082 947 4166 „infe1nus“in
969 4103 1078 4148 eorum
1101 4083 1252 4147 carmini·

128 4180 188 4246 bus
210 4183 326 4265 legitur·
348 4204 491 4266 unquam
512 4184 748 4250 substantivum
764 4186 937 4252 omiserint.
973 4185 1139 4251 Habemus
1154 4184 1252 4269 igitur
