2760 4680
84 436 141 522 IV,
166 442 193 520 7,
217 439 265 501 ab.
288 442 344 500 aut
365 441 421 500 tua
443 456 513 501 cum
537 435 646 519 digitis
668 435 786 520 scripta
809 435 934 500 silenda
956 441 1058 501 notas.

168 544 216 623 14,
238 542 266 604 2.
288 559 347 604 nec
369 539 476 604 veniat
500 539 568 604 sine
591 545 622 603 tc
645 559 709 603 nox
730 537 897 620 vigilanda
920 537 1006 601 mihi.

148 645 195 725 16,
206 643 264 714 39.
287 641 366 706 haec
388 661 448 724 ego
471 662 535 706 non
549 641 663 706 humili
678 640 815 706 referam
831 640 1039 706 memoranda
1054 640 1207 704 cothurno

85 761 235 826 quaeque
261 744 294 808 in
321 745 434 811 codem
463 745 545 810 libro
574 744 795 809 inveniuntur:
834 747 861 825 7,
884 745 932 808 49.
971 745 998 827 8,
1022 745 1050 808 3.
1090 746 1136 828 tc,
1160 746 1209 808 49.

87 847 690 930 mmmmmmmm

173 948 248 1014 Jam
272 950 342 1014 sola
365 956 464 1014 restat
487 991 528 999 —
550 970 626 1015 nam
649 948 900 1032 Hertnbergium,
922 949 978 1031 qui
1001 947 1045 1033 (p.
1061 947 1133 1034 tce)
1157 968 1209 1013 ex·

83 1051 200 1136 plicat:
226 1057 258 1116 et
281 1071 358 1117 sane
381 1051 501 1136 pudere
525 1072 575 1117 mc
598 1057 757 1136 oporteret
780 1051 864 1134 dicti,
887 1052 948 1116 nisi
972 1050 1113 1136 Cynthia
1136 1050 1208 1134 ipsa

83 1153 200 1219 foedus
214 1154 375 1237 violasset,
397 1156 476 1219 satis
495 1155 598 1220 habeo
614 1174 881 1220 commemorasse
903 1193 946 1201 -
967 1152 1209 1220 Drenckhalrnii

82 1257 306 1341 interpretatio
330 1257 418 1339 (acta
434 1257 536 1322 Bcrol.
559 1259 593 1321 in
616 1278 707 1322 usum
729 1276 875 1342 gymnas.
898 1257 947 1322 ed.
965 1259 1045 1321 1868
1069 1279 1099 1340 p.
1120 1253 1209 1340 188):

84 1364 145 1424 ant
166 1358 288 1444 pudore
310 1360 466 1425 adductus
489 1366 594 1426 tacere
617 1360 757 1426 debebas
780 1367 836 1425 ant
851 1380 941 1424 amor
956 1359 1014 1424 tibi
1029 1357 1208 1424 reticendus

84 1467 166 1529 erat.
209 1461 272 1528 Sed
294 1483 365 1529 eam
389 1483 515 1547 quoque
537 1465 642 1547 magis
664 1464 987 1548 circumscriptionem
1018 1481 1089 1528 esse
1112 1481 1208 1544 quam

84 1565 391 1651 interpretationem,
422 1567 450 1631 si
472 1567 571 1632 verba
600 1567 672 1651 ipsa
703 1566 844 1647 quaein
876 1565 1037 1630 codicibus
1061 1566 1209 1647 leguntur

84 1667 289 1750 comparabis
312 1688 497 1752 cognoscem
527 1689 566 1734 ex
589 1668 629 1733 iis
652 1668 736 1734 enim
759 1687 922 1751 nunquam
945 1667 1026 1732 hacc
1049 1665 1208 1732 sententia

84 1768 160 1833 elici
181 1775 287 1853 potest
294 1821 301 1853 ,
331 1771 393 1836 nisi
416 1773 449 1836 id
481 1772 566 1855 quod
596 1771 692 1836 totius
722 1771 874 1835 carminis
897 1789 1036 1834 conexus
1066 1769 1208 1852 postulat

84 1871 271 1955 conjectura
294 1875 435 1958 suppleo.

172 1972 279 2052 Quare
302 1995 372 2041 cum
395 1979 494 2043 verba
517 1998 574 2062 per
597 1999 632 2044 se
649 1965 725 2062 ‘ipsa
747 1983 859 2062 aptum
882 1995 1009 2042 sensum
1032 1995 1095 2037 non
1118 1991 1208 2056 prae-

83 2076 198 2160 beant,
220 2097 279 2143 nec
302 2079 399 2145 facile
421 2080 545 2164 possint
568 2081 748 2164 emendari,
780 2079 840 2151 nisi
863 2085 964 2144 totum
988 2097 1116 2142 versum
1138 2095 1208 2158 pcr-

83 2178 197 2262 vertis‚
224 2200 296 2244 cnm
318 2188 488 2265 praetcrea
511 2184 643 2248 metrica
665 2183 722 2246 illa
746 2181 918 2246 difficultas
941 2179 1090 2261 accedat,
1122 2177 1208 2259 quod

81 2280 118 2345 in
148 2282 247 2347 verbo
274 2284 465 2368 „ingenuus‘
486 2285 593 2350 brevis
616 2285 744 2370 syllaba
772 2292 847 2350 ante
877 2285 1022 2349 vocalem
1052 2279 1207 2365 producta

84 2389 144 2466 est,
165 2383 254 2450 haud
276 2385 341 2450 scio
364 2405 406 2450 an
422 2387 652 2452 Lachmannus
674 2387 707 2452 in
729 2388 836 2473 prima
858 2386 998 2452 editione
1020 2388 1104 2449 recte
1123 2380 1207 2464 judi-

83 2486 215 2570 caverit,
237 2488 322 2570 quod
344 2489 428 2554 hunc
446 2509 573 2556 versum
596 2512 654 2575 pro
677 2491 815 2574 genuino
838 2493 1039 2574 pentametro
1063 2483 1207 2568 supposi-

82 2592 153 2653 tum
175 2589 382 2675 existimavit,
406 2593 569 2658 sciliceta
594 2594 691 2658 sciolo
715 2594 833 2676 aliquo,
856 2631 897 2638 -
920 2598 954 2656 ut
975 2590 1077 2675 ipsius
1100 2586 1207 2652 verbis

82 2695 171 2775 utar,
192 2728 236 2739 —
258 2693 313 2775 qui
334 2693 416 2759 benc
439 2695 567 2777 quidem
599 2696 683 2762 unde
713 2696 810 2761 sudor
839 2696 872 2759 in
895 2713 1003 2759 amore
1026 2712 1124 2775 saepe
1147 2687 1207 2753 ori-

81 2798 172 2858 retur
186 2794 287 2878 sciret,
306 2800 444 2862 ceterum
460 2796 511 2861 hic
526 2797 602 2880 quid
618 2803 766 2881 ageretur
780 2818 844 2862 non
862 2817 989 2882 prorsus
1004 2795 1207 2879 perspiceret.

172 2897 341 2980 Reliquum
365 2905 431 2982 est,
461 2921 501 2965 nc
529 2920 609 2983 quos
639 2906 840 2985 praeteream
872 2901 927 2982 qui
959 2899 999 2962 de
1021 2898 1082 2962 hac
1104 2896 1207 2979 elegia

83 2997 294 3084 scripserunt,
323 3007 358 3066 ut
388 3002 593 3068 Hcimreichii
624 3003 815 3068 mentionem
846 3002 978 3084 faciam,
1009 3000 1063 3082 qui
1091 2998 1206 3084 (novae

83 3104 290 3185 quaestiones
321 3104 354 3168 in
384 3105 540 3190 symbolis
569 3105 800 3190 philologorum
830 3104 1048 3169 Bonnensium
1078 3123 1108 3186 p.
1131 3098 1205 3178 cta)

82 3223 197 3270 versus
222 3207 302 3270 1-8
325 3205 421 3289 hujus
444 3207 595 3272 carminis
618 3227 639 3270 a
661 3213 758 3290 poeta
788 3206 1020 3291 abjudicandos
1042 3223 1113 3268 esse
1136 3221 1206 3265 cen·

83 3310 143 3373 set.
187 3305 277 3384 Quae
300 3309 459 3374 sententia
486 3329 601 3393 parum
626 3309 725 3375 habet
746 3308 992 3394 probabilitatis.
1036 3307 1121 3371 Nam
1143 3303 1206 3386 pri-

82 3429 173 3473 mum
194 3409 354 3493 particula
370 3411 555 3476 conclusiva
576 3413 713 3495 „quare“
731 3432 858 3478 versum
879 3431 998 3476 nonum
1021 3429 1092 3474 cum
1115 3425 1206 3490 prae-

82 3510 271 3576 cedentibus
303 3520 372 3578 arte
403 3513 573 3578 cohaerere
601 3514 736 3598 indicat,
768 3520 834 3577 tum
867 3514 964 3577 ctiam
988 3511 1205 3595 proximorum

81 3632 237 3679 versuum
253 3616 413 3680 sententia
429 3615 573 3698 intellegi
588 3617 707 3698 nequit,
732 3615 758 3679 si
780 3616 892 3698 primis
915 3613 1058 3679 distichis
1073 3610 1205 3676 carebis.

83 3715 245 3799 Longiore
275 3724 383 3782 antem
414 3718 605 3783 refutatione
628 3717 821 3801 supersedeo
844 3737 915 3781 cum
937 3713 1205 3780 Drenckhalrnius

82 3816 173 3903 (acta
195 3817 298 3884 Berol.
313 3841 343 3903 p.
361 3819 436 3905 188)
460 3820 702 3885 accuratissime
727 3820 766 3885 dc
789 3839 911 3885 conexu
934 3819 1032 3884 totius
1055 3816 1205 3882 carminis

31 3976 38 3985 .
81 3918 308 4004 disputaverit.

500 4024 553 4107 IV,
576 4027 625 4107 21,
648 4026 791 4089 25—26.

128 4125 179 4189 23.
209 4124 288 4189 Inde
311 4126 365 4190 ubi
387 4127 494 4191 Piraei
518 4127 645 4210 capient
667 4146 741 4191 mea
762 4126 1001 4210 linteaportus,

239 4227 394 4292 scandam
415 4247 474 4312 ego
497 4227 644 4294 Theseae
666 4227 799 4294 brachia
823 4228 920 4313 longa
942 4228 1029 4313 viae3
