2760 4680
1138 276 1177 338 35

24 441 253 527 'singularem
282 445 474 510 substantivi
504 465 612 527 usum,
649 464 712 508 uno
742 443 800 509 sed
829 443 924 509 valde
955 443 1073 508 dubiae
1102 442 1177 508 fidei

51 547 208 631 exemplo
241 547 428 614 firmatum·
471 547 542 612 Huc
582 546 706 612 accedit
747 545 917 630 singularis
953 567 1030 610 usus
1067 565 1179 610 versus

51 649 234 732 spondiaci.

143 752 302 837 Exempla
325 753 408 818 enim
431 772 541 818 eorum
563 752 617 834 qui
640 751 728 836 apud
750 752 951 836 Propertium
974 750 1179 817 inveniuntur

53 851 138 918 haec
161 860 249 919 sunt:

15 960 19 967 '
100 957 126 1039 Ι,
151 959 198 1040 13,
221 960 269 1022 31.
303 958 359 1020 illa
383 958 424 1022 sit
447 956 586 1021 Inachiis
610 961 641 1022 et
663 956 811 1020 blandior
833 955 982 1039 heminis,
1037 1020 1039 1024 .

10 1100 18 1153 p
47 1080 52 1087 ·
101 1061 125 1141 Ι,
151 1061 198 1142 13,
224 1062 271 1122 13.
304 1059 371 1124 illio
393 1060 553 1124 formosae
576 1059 707 1124 veniant
730 1059 843 1123 chorus
865 1058 1026 1142 heroinae,

10 1164 15 1247 i
102 1163 144 1243 ΙΙ,
167 1165 194 1245 2,
218 1165 245 1227 9.
303 1163 410 1244 qualis
433 1168 464 1226 et
485 1161 691 1241 Ischomache
714 1160 875 1246 Lapithae
897 1183 998 1244 genus
1020 1161 1159 1245 heroine2

10 1254 18 1335 ;‘
101 1265 125 1348 Ι,
148 1267 197 1348 20,
221 1267 270 1329 31.
298 1265 370 1348 jam
393 1264 593 1329 Pandioniae
616 1265 711 1328 cessit
733 1283 834 1346 genus
857 1262 1030 1348 Orithyiae.

10 1420 14 1427 .
101 1366 155 1449 lv,
178 1370 207 1449 6,
232 1370 278 1431 13.
300 1367 412 1431 infelix
434 1366 552 1449 Aquilo
574 1372 688 1450 raptae
709 1366 805 1430 timor
827 1365 1001 1450 Orithyiae,

13 1522 17 1527 .
102 1469 139 1549 V,
162 1473 190 1550 4,
213 1473 261 1533 71.
298 1469 356 1533 illa
378 1469 441 1533 ruit
463 1469 569 1552 qualis
592 1469 727 1534 celerem
750 1487 849 1552 prope
873 1468 1112 1533 Thermodonta

142 1572 195 1634 Ex
219 1572 334 1653 'quibus
356 1573 459 1636 elucet
481 1579 604 1636 tantum
627 1572 660 1635 in
683 1570 865 1635 nominibus
887 1567 1085 1654 p1·opriis(et
1107 1590 1178 1634 raro

55 1673 202 1758 quidem)
226 1675 311 1738 etin
334 1693 449 1756 graeco
471 1673 526 1738 illo
549 1672 720 1739 vocabulo:
750 1671 880 1737 heroine
910 1690 1060 1737 versuum
1087 1691 1180 1755 spon·

10 1798 12 1805 ·
55 1775 188 1839 diacum
211 1776 346 1841 admitti.

146 1877 348 1960 Quamquam
372 1885 479 1944 autem
502 1879 535 1942 in
558 1877 718 1943 sententia
737 1876 818 1941 nihil
832 1877 925 1960 inest,
948 1897 1009 1959 quo
1026 1876 1180 1961 offendas,

54 1981 114 2046 vix
144 1986 253 2045 tamen
284 1986 333 2045 est
364 1981 515 2046 credibile
545 1980 578 2044 in
601 2001 663 2045 uno
685 1999 780 2045 versu
802 1985 933 2064 poetam
955 1986 1004 2044 ten
1027 1978 1180 2061 singulari
1263 2016 1266 2021 ·

55 2083 182 2148 ratione
203 2083 344 2147 locutum
368 2102 448 2149 esse.
497 2085 611 2165 ltaque
632 2082 685 2147 hic
706 2102 818 2147 vorsus
840 2083 987 2167 exemplo
1009 2087 1073 2164 est,
1103 2069 1180 2146 solis

56 2184 278 2268 grammaticis
307 2185 465 2249 interdum
496 2185 672 2248 rationibus
703 2185 925 2266 quaestionem
954 2184 1042 2249 illam
1075 2189 1178 2249 utrum

18 2318 22 2325 ·
55 2307 172 2352 versus
194 2287 380 2371 interpolati
403 2287 466 2350 sint
489 2305 588 2352 necne
610 2286 855 2370 disceptandam
877 2306 957 2352 esse.

531 2388 586 2471 IV,
609 2392 636 2472 5,
659 2391 709 2455 25.

187 2492 259 2555 Non
282 2512 333 2557 me
354 2493 495 2557 moribus
518 2492 575 2556 illa
598 2491 655 2580 sed
677 2490 784 2557 herbis
805 2490 952 2576 improba
974 2492 1059 2556 vicit.

95 2608 97 2614 ·
145 2594 238 2658 Hunc
267 2613 393 2658 versum
422 2600 553 2678 propter
582 2594 774 2660 sententiam
804 2593 969 2678 Gruppius
999 2593 1045 2680 (in
1074 2595 1180 2678 elegia
1274 2588 1278 2594 ’

56 2698 206 2760 Romana
232 2696 364 2780 Lipsiae
390 2699 469 2759 1838
492 2718 522 2780 p.
539 2697 628 2780 303),
665 2702 795 2780 propter
824 2695 974 2760 vitiosam
1011 2716 1179 2762 caesuram

56 2798 316 2881 Eschenburgius
338 2797 560 2883 (quaestiones
575 2798 717 2881 Propert.
740 2798 873 2863 Bonnae
890 2799 971 2862 1865
994 2819 1025 2884 p.
1040 2801 1081 2863 28
1097 2799 1178 2885 seq.)

57 2900 253 2983 ejiciendum
283 2919 354 2966 esse
385 2906 501 2966 censet.
554 2899 629 2965 Jam
652 2919 727 2966 vero
754 2900 787 2963 in
811 2901 972 2965 sententia
994 2901 1074 2966 nihil
1095 2903 1179 2967 inest

58 3003 146 3086 quod
169 3003 381 3086 suspicionem
404 3008 542 3068 moueat.
595 3004 680 3068 Nam
704 3003 789 3086 quod
813 3001 953 3089 Cynthia
977 3003 1082 3068 herbis
1104 3004 1178 3069 Pro-

58 3105 156 3190 pertii
188 3125 326 3171 amorem
356 3105 417 3170 sibi
446 3111 590 3190 ereptum
619 3104 721 3188 dolet,
752 3125 816 3169 non
839 3111 887 3170 est
907 3105 1023 3170 mirum
1045 3125 1116 3170 cum
1139 3126 1178 3172 ea

59 3214 145 3274 esset
167 3208 349 3293 superstitio
372 3207 459 3273 illius
481 3206 599 3273 aetatis
622 3214 656 3272 ut
679 3207 706 3271 si
729 3207 802 3290 quis
824 3227 955 3272 causam
978 3229 1033 3272 our
1055 3207 1179 3290 aliquid

59 3311 235 3392 accideret,
264 3331 328 3374 non
357 3309 557 3392 inveniebat,
587 3309 721 3392 magicis
753 3309 876 3374 artibus
904 3308 939 3373 id
965 3309 1083 3374 factum
1107 3329 1178 3375 esse

59 3415 211 3478 crederet.
259 3412 419 3496 Imprimis
447 3412 663 3495 elegiacorum
692 3418 860 3496 poetarum
888 3412 1032 3476 carmina
1060 3411 1178 3476 referta

61 3521 134 3580 sunt
149 3514 267 3578 talibus
283 3514 566 3598 descriptionibus3
582 3515 621 3579 de
636 3514 744 3579 herbis
760 3515 858 3581 affero
870 3515 964 3600 Prop.
971 3517 996 3600 Ι,
1008 3518 1054 3599 12,
1065 3518 1178 3582 9-10.

61 3616 131 3680 Tib.
147 3617 170 3700 Ι,
192 3618 218 3698 8,
237 3619 371 3681 17-18:

162 3717 309 3783 Invidiae
331 3717 462 3782 fuimus:
485 3739 560 3782 num
584 3736 634 3781 me
657 3716 737 3781 deus
759 3716 864 3783 obruit
886 3739 928 3783 an
951 3738 1034 3801 quae

212 3820 296 3886 lecta
316 3820 515 3885 Prometheis
537 3819 651 3884 dividit
672 3824 769 3885 barbo
784 3819 898 3904 jugis?
961 3819 964 3825 '
1074 3811 1078 3816 ’

163 3923 246 3986 Num
269 3928 300 3986 te
322 3921 515 3987 carminibus
537 3943 614 3986 num
636 3927 668 3988 te
690 3923 883 4006 pollentibus
906 3931 1006 3990 barbis

213 4024 343 4088 devovit
364 4025 461 4090 tacito
483 4031 627 4110 tempore
649 4026 752 4091 noctis
775 4025 919 4112 anus?*)

147 4243 171 4311 *J
189 4241 230 4298 cf.
249 4243 331 4299 etiam
348 4244 410 4301 Tib.
428 4245 450 4315 Ι,
470 4247 493 4314 2,
512 4251 553 4304 60.
580 4245 616 4316 Π,
635 4250 659 4316 4,
677 4250 718 4301 56.
